[
	{
		"companyInformation": {
			"companyName": "Bernhard - Borer",
			"headquarters": "North Bette",
			"headquartersPostalCode": "61838-7167",
			"sector": null,
			"identifiers": {
				"Lei": [
					"Ez3DEj4pQbc2Fp40McIC"
				],
				"Isin": [
					"HQE8CPCmyVVV"
				],
				"PermId": [
					"qbe3RLLzAE"
				],
				"Ticker": [],
				"Duns": [
					"pdgfSGtaO"
				],
				"VatNumber": [],
				"CompanyRegistrationNumber": [
					"JUjlcfFcyO08me9"
				]
			},
			"countryCode": "EH",
			"companyAlternativeNames": [
				"Beer Inc",
				"Hyatt LLC",
				"Konopelski, Wuckert and Bailey"
			],
			"companyLegalForm": "Partnership without Limited Liability",
			"website": "https://wan-kind.net",
			"isTeaserCompany": false
		},
		"t": {
			"general": {
				"general": {
					"reportingPeriod": "2025-01-19",
					"fiscalYearEnd": "2024-03-27",
					"euTaxonomyActivityLevelReporting": null,
					"numberOfEmployees": null,
					"nfrdMandatory": "No"
				}
			},
			"revenue": {
				"revenue": {
					"totalRevenue": 96380.35,
					"eligibleRevenue": 38679.11,
					"alignedRevenue": 56637.11,
					"substantialContributionToClimateChangeMitigation": null,
					"substantialContributionToClimateChangeAdaptation": 47071,
					"substantialContributionToSustainableUseAndProtectionOfWaterAndMarineResources": 699.32,
					"substantialContributionToTransitionToACircularEconomy": 10823.24,
					"substantialContributionToPollutionPreventionAndControl": 46581.1,
					"substantialContributionToProtectionAndRestorationOfBiodiversityAndEcosystems": 76133.43,
					"nonAlignedRevenue": 34426.99,
					"nonEligibleRevenue": 23042.23,
					"enablingRevenue": 75441.7,
					"transitionalRevenue": 73352.61
				}
			},
			"capex": {
				"capex": {
					"totalCapex": null,
					"eligibleCapex": 83859.53,
					"alignedCapex": null,
					"substantialContributionToClimateChangeMitigation": 62376.06,
					"substantialContributionToClimateChangeAdaptation": 42491.59,
					"substantialContributionToSustainableUseAndProtectionOfWaterAndMarineResources": 1966.44,
					"substantialContributionToTransitionToACircularEconomy": 8589.14,
					"substantialContributionToPollutionPreventionAndControl": 33258.8,
					"substantialContributionToProtectionAndRestorationOfBiodiversityAndEcosystems": 92061.5,
					"nonAlignedCapex": null,
					"nonEligibleCapex": 80398.2,
					"enablingCapex": 68311.86,
					"transitionalCapex": null
				}
			},
			"opex": {
				"opex": {
					"totalOpex": 30514.15,
					"eligibleOpex": 95269.5,
					"alignedOpex": 55661.98,
					"substantialContributionToClimateChangeMitigation": 37184.44,
					"substantialContributionToClimateChangeAdaptation": 95486.78,
					"substantialContributionToSustainableUseAndProtectionOfWaterAndMarineResources": 47376.97,
					"substantialContributionToTransitionToACircularEconomy": 40597.7,
					"substantialContributionToPollutionPreventionAndControl": null,
					"substantialContributionToProtectionAndRestorationOfBiodiversityAndEcosystems": 72403.15,
					"nonAlignedOpex": 33349.63,
					"nonEligibleOpex": 97045.88,
					"enablingOpex": 8528.15,
					"transitionalOpex": 65964.64
				}
			}
		},
		"reportingPeriod": "2020"
	},
	{
		"companyInformation": {
			"companyName": "Schoen, Runolfsdottir and Hand",
			"headquarters": "New Brant",
			"headquartersPostalCode": null,
			"sector": null,
			"identifiers": {
				"Lei": [],
				"Isin": [
					"PHkrk9k2131x"
				],
				"PermId": [
					"CNdMgrwqmc"
				],
				"Ticker": [],
				"Duns": [
					"4fEFo6Lmc"
				],
				"VatNumber": [],
				"CompanyRegistrationNumber": [
					"0nUzhwZEZRp0PtB"
				]
			},
			"countryCode": "BQ",
			"companyAlternativeNames": [
				"Gorczany - Baumbach",
				"Hilll, Kuhn and Bailey"
			],
			"companyLegalForm": null,
			"website": "https://formal-noodle.biz/",
			"isTeaserCompany": false
		},
		"t": {
			"general": {
				"general": {
					"reportingPeriod": "2024-09-04",
					"fiscalYearEnd": "2024-08-18",
					"euTaxonomyActivityLevelReporting": null,
					"numberOfEmployees": 19584.49,
					"nfrdMandatory": null
				}
			},
			"revenue": {
				"revenue": {
					"totalRevenue": 34129.17,
					"eligibleRevenue": 66300.53,
					"alignedRevenue": null,
					"substantialContributionToClimateChangeMitigation": 82558.71,
					"substantialContributionToClimateChangeAdaptation": 46351.37,
					"substantialContributionToSustainableUseAndProtectionOfWaterAndMarineResources": 52900.24,
					"substantialContributionToTransitionToACircularEconomy": null,
					"substantialContributionToPollutionPreventionAndControl": 70725.82,
					"substantialContributionToProtectionAndRestorationOfBiodiversityAndEcosystems": 71762.53,
					"nonAlignedRevenue": null,
					"nonEligibleRevenue": 43361.16,
					"enablingRevenue": 83763.23,
					"transitionalRevenue": 34214.14
				}
			},
			"capex": {
				"capex": {
					"totalCapex": 55245.65,
					"eligibleCapex": 17167.88,
					"alignedCapex": 11406.99,
					"substantialContributionToClimateChangeMitigation": 57298.83,
					"substantialContributionToClimateChangeAdaptation": 34285.75,
					"substantialContributionToSustainableUseAndProtectionOfWaterAndMarineResources": 86816.46,
					"substantialContributionToTransitionToACircularEconomy": null,
					"substantialContributionToPollutionPreventionAndControl": 62465.34,
					"substantialContributionToProtectionAndRestorationOfBiodiversityAndEcosystems": 73101.13,
					"nonAlignedCapex": null,
					"nonEligibleCapex": 89740.34,
					"enablingCapex": 25818.13,
					"transitionalCapex": 90383.57
				}
			},
			"opex": {
				"opex": {
					"totalOpex": 40575.09,
					"eligibleOpex": 54240.71,
					"alignedOpex": 72502.34,
					"substantialContributionToClimateChangeMitigation": null,
					"substantialContributionToClimateChangeAdaptation": null,
					"substantialContributionToSustainableUseAndProtectionOfWaterAndMarineResources": 51799.61,
					"substantialContributionToTransitionToACircularEconomy": 10998.68,
					"substantialContributionToPollutionPreventionAndControl": null,
					"substantialContributionToProtectionAndRestorationOfBiodiversityAndEcosystems": 41772.29,
					"nonAlignedOpex": null,
					"nonEligibleOpex": null,
					"enablingOpex": 45111.92,
					"transitionalOpex": 59698.46
				}
			}
		},
		"reportingPeriod": "2023"
	},
	{
		"companyInformation": {
			"companyName": "Bernier LLC",
			"headquarters": "Lewisville",
			"headquartersPostalCode": "39299",
			"sector": "supply-chains",
			"identifiers": {
				"Lei": [
					"Q8XB2qfcWJZPjmAtQdPo"
				],
				"Isin": [
					"LyTSSLUUxJWH",
					"RRwMNfk0MQLf"
				],
				"PermId": [],
				"Ticker": [
					"6CInPV1"
				],
				"Duns": [],
				"VatNumber": [],
				"CompanyRegistrationNumber": [
					"bOZpdmjPndLJ7Nd"
				]
			},
			"countryCode": "VC",
			"companyAlternativeNames": [
				"Hauck - Rowe",
				"Jones - Leuschke"
			],
			"companyLegalForm": "Limited Liability Partnership (LLP)",
			"website": null,
			"isTeaserCompany": false
		},
		"t": {
			"general": {
				"general": {
					"reportingPeriod": "2024-05-17",
					"fiscalYearEnd": "2024-04-30",
					"euTaxonomyActivityLevelReporting": null,
					"numberOfEmployees": 93063.63,
					"nfrdMandatory": null
				}
			},
			"revenue": {
				"revenue": {
					"totalRevenue": 12918.39,
					"eligibleRevenue": 31623.86,
					"alignedRevenue": 79358.97,
					"substantialContributionToClimateChangeMitigation": 48391.37,
					"substantialContributionToClimateChangeAdaptation": null,
					"substantialContributionToSustainableUseAndProtectionOfWaterAndMarineResources": null,
					"substantialContributionToTransitionToACircularEconomy": 75493.08,
					"substantialContributionToPollutionPreventionAndControl": null,
					"substantialContributionToProtectionAndRestorationOfBiodiversityAndEcosystems": 54230.66,
					"nonAlignedRevenue": 5417.9,
					"nonEligibleRevenue": 8362.56,
					"enablingRevenue": 99177.71,
					"transitionalRevenue": 2532.33
				}
			},
			"capex": {
				"capex": {
					"totalCapex": 10017.16,
					"eligibleCapex": 27798.12,
					"alignedCapex": 59384.55,
					"substantialContributionToClimateChangeMitigation": 34586.99,
					"substantialContributionToClimateChangeAdaptation": null,
					"substantialContributionToSustainableUseAndProtectionOfWaterAndMarineResources": 71937.63,
					"substantialContributionToTransitionToACircularEconomy": 27944.73,
					"substantialContributionToPollutionPreventionAndControl": 31713.56,
					"substantialContributionToProtectionAndRestorationOfBiodiversityAndEcosystems": null,
					"nonAlignedCapex": 33799.89,
					"nonEligibleCapex": 38481.18,
					"enablingCapex": 42917.1,
					"transitionalCapex": 28513.25
				}
			},
			"opex": {
				"opex": {
					"totalOpex": 67171.91,
					"eligibleOpex": 18737.03,
					"alignedOpex": 84014.93,
					"substantialContributionToClimateChangeMitigation": 3058.09,
					"substantialContributionToClimateChangeAdaptation": null,
					"substantialContributionToSustainableUseAndProtectionOfWaterAndMarineResources": null,
					"substantialContributionToTransitionToACircularEconomy": 56670.32,
					"substantialContributionToPollutionPreventionAndControl": 37277.21,
					"substantialContributionToProtectionAndRestorationOfBiodiversityAndEcosystems": null,
					"nonAlignedOpex": 55940.72,
					"nonEligibleOpex": 30384.54,
					"enablingOpex": 49095.99,
					"transitionalOpex": 70208.59
				}
			}
		},
		"reportingPeriod": "2019"
	},
	{
		"companyInformation": {
			"companyName": "Schowalter Group",
			"headquarters": "Spring",
			"headquartersPostalCode": "49157-4369",
			"sector": "models",
			"identifiers": {
				"Lei": [
					"fbaSmTZpc2DREJoTMLt5"
				],
				"Isin": [
					"bmzx7DolrFD4",
					"teWnNK8ZS1GM"
				],
				"PermId": [],
				"Ticker": [],
				"Duns": [
					"DiZ1VAKtQ"
				],
				"VatNumber": [],
				"CompanyRegistrationNumber": []
			},
			"countryCode": "MO",
			"companyAlternativeNames": [
				"Funk and Sons",
				"Goldner, Gusikowski and Swift",
				"O'Kon, Hackett and Wolf",
				"Tromp, Cormier and Bechtelar"
			],
			"companyLegalForm": null,
			"website": null,
			"isTeaserCompany": false
		},
		"t": {
			"general": {
				"general": {
					"reportingPeriod": "2024-04-07",
					"fiscalYearEnd": "2024-11-03",
					"euTaxonomyActivityLevelReporting": null,
					"numberOfEmployees": null,
					"nfrdMandatory": "No"
				}
			},
			"revenue": {
				"revenue": {
					"totalRevenue": null,
					"eligibleRevenue": 17150.72,
					"alignedRevenue": 69805.32,
					"substantialContributionToClimateChangeMitigation": 84804.25,
					"substantialContributionToClimateChangeAdaptation": 24599.56,
					"substantialContributionToSustainableUseAndProtectionOfWaterAndMarineResources": 66180.34,
					"substantialContributionToTransitionToACircularEconomy": null,
					"substantialContributionToPollutionPreventionAndControl": 3238.2,
					"substantialContributionToProtectionAndRestorationOfBiodiversityAndEcosystems": 20283.86,
					"nonAlignedRevenue": 38694.19,
					"nonEligibleRevenue": null,
					"enablingRevenue": 53863.29,
					"transitionalRevenue": 31075.47
				}
			},
			"capex": {
				"capex": {
					"totalCapex": null,
					"eligibleCapex": 33524.61,
					"alignedCapex": 76536.52,
					"substantialContributionToClimateChangeMitigation": 6684.94,
					"substantialContributionToClimateChangeAdaptation": 18730.1,
					"substantialContributionToSustainableUseAndProtectionOfWaterAndMarineResources": 63030.75,
					"substantialContributionToTransitionToACircularEconomy": 75331.31,
					"substantialContributionToPollutionPreventionAndControl": 4210.15,
					"substantialContributionToProtectionAndRestorationOfBiodiversityAndEcosystems": 85613.96,
					"nonAlignedCapex": null,
					"nonEligibleCapex": 77272.95,
					"enablingCapex": 90655.75,
					"transitionalCapex": 26782.89
				}
			},
			"opex": {
				"opex": {
					"totalOpex": 92976.7,
					"eligibleOpex": 77135.63,
					"alignedOpex": null,
					"substantialContributionToClimateChangeMitigation": 60407.8,
					"substantialContributionToClimateChangeAdaptation": 4351.51,
					"substantialContributionToSustainableUseAndProtectionOfWaterAndMarineResources": 52823,
					"substantialContributionToTransitionToACircularEconomy": 20503.34,
					"substantialContributionToPollutionPreventionAndControl": 18680.62,
					"substantialContributionToProtectionAndRestorationOfBiodiversityAndEcosystems": 85311.22,
					"nonAlignedOpex": 17851.57,
					"nonEligibleOpex": null,
					"enablingOpex": null,
					"transitionalOpex": 99617.95
				}
			}
		},
		"reportingPeriod": "2023"
	},
	{
		"companyInformation": {
			"companyName": "Kassulke and Sons",
			"headquarters": "Justiceberg",
			"headquartersPostalCode": "51198-6161",
			"sector": "infrastructures",
			"identifiers": {
				"Lei": [
					"OmqrWlFtN8welFpDzUd6"
				],
				"Isin": [
					"m7MP6RdqZM86"
				],
				"PermId": [
					"xZRd0CkMFB"
				],
				"Ticker": [],
				"Duns": [],
				"VatNumber": [],
				"CompanyRegistrationNumber": [
					"I8uRp8dfx7B9ZMg"
				]
			},
			"countryCode": "BF",
			"companyAlternativeNames": [
				"Bogan, Monahan and Hirthe",
				"O'Kon and Sons",
				"Renner, Schmidt and Bruen",
				"Steuber and Sons"
			],
			"companyLegalForm": "AG",
			"website": "https://luminous-curtain.biz",
			"isTeaserCompany": false
		},
		"t": {
			"general": {
				"general": {
					"reportingPeriod": "2024-11-04",
					"fiscalYearEnd": "2024-03-16",
					"euTaxonomyActivityLevelReporting": {
						"value": "Yes",
						"dataSource": {
							"fileName": "Certification",
							"fileReference": "50a36c418baffd520bb92d84664f06f9732a21f4e2e5ecee6d9136f16e7e0b63"
						}
					},
					"numberOfEmployees": 76668.67,
					"nfrdMandatory": "Yes"
				}
			},
			"revenue": {
				"revenue": {
					"totalRevenue": 9539.1,
					"eligibleRevenue": 25569.39,
					"alignedRevenue": 84926.39,
					"substantialContributionToClimateChangeMitigation": 28511.96,
					"substantialContributionToClimateChangeAdaptation": 20528.32,
					"substantialContributionToSustainableUseAndProtectionOfWaterAndMarineResources": 99117.95,
					"substantialContributionToTransitionToACircularEconomy": 58410.7,
					"substantialContributionToPollutionPreventionAndControl": null,
					"substantialContributionToProtectionAndRestorationOfBiodiversityAndEcosystems": 83320.08,
					"nonAlignedRevenue": 11295.44,
					"nonEligibleRevenue": 65730.2,
					"enablingRevenue": 59693.65,
					"transitionalRevenue": null
				}
			},
			"capex": {
				"capex": {
					"totalCapex": null,
					"eligibleCapex": 87336.3,
					"alignedCapex": 42400.07,
					"substantialContributionToClimateChangeMitigation": null,
					"substantialContributionToClimateChangeAdaptation": 97746.37,
					"substantialContributionToSustainableUseAndProtectionOfWaterAndMarineResources": 383.63,
					"substantialContributionToTransitionToACircularEconomy": 61061.94,
					"substantialContributionToPollutionPreventionAndControl": null,
					"substantialContributionToProtectionAndRestorationOfBiodiversityAndEcosystems": null,
					"nonAlignedCapex": 14544.95,
					"nonEligibleCapex": 1431.15,
					"enablingCapex": 11889.69,
					"transitionalCapex": null
				}
			},
			"opex": {
				"opex": {
					"totalOpex": 20761.59,
					"eligibleOpex": 82071.57,
					"alignedOpex": 28219.63,
					"substantialContributionToClimateChangeMitigation": 13268.39,
					"substantialContributionToClimateChangeAdaptation": 16531.24,
					"substantialContributionToSustainableUseAndProtectionOfWaterAndMarineResources": 42042.28,
					"substantialContributionToTransitionToACircularEconomy": 60880.91,
					"substantialContributionToPollutionPreventionAndControl": null,
					"substantialContributionToProtectionAndRestorationOfBiodiversityAndEcosystems": null,
					"nonAlignedOpex": 60679.97,
					"nonEligibleOpex": null,
					"enablingOpex": 7037.39,
					"transitionalOpex": 8587.99
				}
			}
		},
		"reportingPeriod": "2023"
	},
	{
		"companyInformation": {
			"companyName": "Crist, Corwin and Zboncak",
			"headquarters": "Juliannehaven",
			"headquartersPostalCode": "91495",
			"sector": "relationships",
			"identifiers": {
				"Lei": [],
				"Isin": [
					"sCG36RSa0Cr7"
				],
				"PermId": [
					"L70P7VPjEo"
				],
				"Ticker": [],
				"Duns": [],
				"VatNumber": [
					"PrkgkGDa4"
				],
				"CompanyRegistrationNumber": [
					"l7lzRy5jVmi5gdo"
				]
			},
			"countryCode": "SS",
			"companyAlternativeNames": [
				"Dare, Leannon and Bauch",
				"Dicki Inc",
				"Murphy - Tillman",
				"Pacocha, Wuckert and Dickinson"
			],
			"companyLegalForm": "Partnership without Limited Liability",
			"website": "https://tinted-contractor.biz",
			"isTeaserCompany": false
		},
		"t": {
			"general": {
				"general": {
					"reportingPeriod": "2025-01-18",
					"fiscalYearEnd": "2024-02-23",
					"euTaxonomyActivityLevelReporting": {
						"value": "No",
						"dataSource": null
					},
					"numberOfEmployees": 27000,
					"nfrdMandatory": "Yes"
				}
			},
			"revenue": {
				"revenue": {
					"totalRevenue": 29153.78,
					"eligibleRevenue": 10017.97,
					"alignedRevenue": 68036.24,
					"substantialContributionToClimateChangeMitigation": 35697.06,
					"substantialContributionToClimateChangeAdaptation": 44808.22,
					"substantialContributionToSustainableUseAndProtectionOfWaterAndMarineResources": 73199.28,
					"substantialContributionToTransitionToACircularEconomy": 31418.07,
					"substantialContributionToPollutionPreventionAndControl": 38530.8,
					"substantialContributionToProtectionAndRestorationOfBiodiversityAndEcosystems": 98226.46,
					"nonAlignedRevenue": 90564.53,
					"nonEligibleRevenue": null,
					"enablingRevenue": 43894.9,
					"transitionalRevenue": null
				}
			},
			"capex": {
				"capex": {
					"totalCapex": 35762.95,
					"eligibleCapex": 43417.73,
					"alignedCapex": 34509.55,
					"substantialContributionToClimateChangeMitigation": 6147.4,
					"substantialContributionToClimateChangeAdaptation": 24876.5,
					"substantialContributionToSustainableUseAndProtectionOfWaterAndMarineResources": 87342.25,
					"substantialContributionToTransitionToACircularEconomy": 94845.3,
					"substantialContributionToPollutionPreventionAndControl": 92149.84,
					"substantialContributionToProtectionAndRestorationOfBiodiversityAndEcosystems": 43501.76,
					"nonAlignedCapex": 5798.74,
					"nonEligibleCapex": 32262.99,
					"enablingCapex": 11761.31,
					"transitionalCapex": 10745.37
				}
			},
			"opex": {
				"opex": {
					"totalOpex": 22639.85,
					"eligibleOpex": 68533.58,
					"alignedOpex": 79218.95,
					"substantialContributionToClimateChangeMitigation": null,
					"substantialContributionToClimateChangeAdaptation": null,
					"substantialContributionToSustainableUseAndProtectionOfWaterAndMarineResources": null,
					"substantialContributionToTransitionToACircularEconomy": 13658.16,
					"substantialContributionToPollutionPreventionAndControl": 99071.46,
					"substantialContributionToProtectionAndRestorationOfBiodiversityAndEcosystems": 97748.8,
					"nonAlignedOpex": 27097.11,
					"nonEligibleOpex": 39457.13,
					"enablingOpex": 32053.34,
					"transitionalOpex": 20432.49
				}
			}
		},
		"reportingPeriod": "2023"
	},
	{
		"companyInformation": {
			"companyName": "Borer Inc",
			"headquarters": "South Julien",
			"headquartersPostalCode": "85344-2247",
			"sector": "bandwidth",
			"identifiers": {
				"Lei": [
					"Y4e1CvPMm0K8gD7oOVM4"
				],
				"Isin": [
					"EVkIyRJOssCB"
				],
				"PermId": [],
				"Ticker": [
					"npNsXoZ"
				],
				"Duns": [],
				"VatNumber": [
					"9giwcDVP6"
				],
				"CompanyRegistrationNumber": []
			},
			"countryCode": "NI",
			"companyAlternativeNames": [
				"Gislason and Sons",
				"Quigley, Moore and Abshire",
				"Rodriguez, Mann and Carroll"
			],
			"companyLegalForm": "Private Limited Company (Ltd)",
			"website": null,
			"isTeaserCompany": false
		},
		"t": {
			"general": {
				"general": {
					"reportingPeriod": "2024-05-24",
					"fiscalYearEnd": "2025-01-16",
					"euTaxonomyActivityLevelReporting": {
						"value": "Yes",
						"dataSource": {
							"fileName": "Certification",
							"fileReference": "50a36c418baffd520bb92d84664f06f9732a21f4e2e5ecee6d9136f16e7e0b63"
						}
					},
					"numberOfEmployees": 91923.33,
					"nfrdMandatory": "Yes"
				}
			},
			"revenue": {
				"revenue": {
					"totalRevenue": 18328.19,
					"eligibleRevenue": 24142.98,
					"alignedRevenue": 2948.18,
					"substantialContributionToClimateChangeMitigation": 18934.87,
					"substantialContributionToClimateChangeAdaptation": 89175.11,
					"substantialContributionToSustainableUseAndProtectionOfWaterAndMarineResources": 4978.18,
					"substantialContributionToTransitionToACircularEconomy": 61607.23,
					"substantialContributionToPollutionPreventionAndControl": 91385.48,
					"substantialContributionToProtectionAndRestorationOfBiodiversityAndEcosystems": 33084.71,
					"nonAlignedRevenue": 2141.16,
					"nonEligibleRevenue": null,
					"enablingRevenue": 82853.25,
					"transitionalRevenue": 66460.88
				}
			},
			"capex": {
				"capex": {
					"totalCapex": 81160.07,
					"eligibleCapex": 77411.13,
					"alignedCapex": 99737.18,
					"substantialContributionToClimateChangeMitigation": 33835.58,
					"substantialContributionToClimateChangeAdaptation": 32874.36,
					"substantialContributionToSustainableUseAndProtectionOfWaterAndMarineResources": 75776.85,
					"substantialContributionToTransitionToACircularEconomy": 54299.33,
					"substantialContributionToPollutionPreventionAndControl": null,
					"substantialContributionToProtectionAndRestorationOfBiodiversityAndEcosystems": 96702.96,
					"nonAlignedCapex": 47205.33,
					"nonEligibleCapex": 7477.45,
					"enablingCapex": 5721.56,
					"transitionalCapex": 8777.19
				}
			},
			"opex": {
				"opex": {
					"totalOpex": null,
					"eligibleOpex": 93969.21,
					"alignedOpex": null,
					"substantialContributionToClimateChangeMitigation": 74666.11,
					"substantialContributionToClimateChangeAdaptation": 40738.79,
					"substantialContributionToSustainableUseAndProtectionOfWaterAndMarineResources": null,
					"substantialContributionToTransitionToACircularEconomy": 9697.14,
					"substantialContributionToPollutionPreventionAndControl": 2245.1,
					"substantialContributionToProtectionAndRestorationOfBiodiversityAndEcosystems": null,
					"nonAlignedOpex": 57253.69,
					"nonEligibleOpex": null,
					"enablingOpex": 56337.44,
					"transitionalOpex": 83376.6
				}
			}
		},
		"reportingPeriod": "2023"
	},
	{
		"companyInformation": {
			"companyName": "Steuber and Sons",
			"headquarters": "North Hertashire",
			"headquartersPostalCode": "10289",
			"sector": "methodologies",
			"identifiers": {
				"Lei": [],
				"Isin": [
					"jx1pgZUk5n98",
					"ksb9rkg6PIPT"
				],
				"PermId": [],
				"Ticker": [],
				"Duns": [],
				"VatNumber": [
					"0cGhG9Y82"
				],
				"CompanyRegistrationNumber": [
					"Ofl14ptEoZp9AWz"
				]
			},
			"countryCode": "EH",
			"companyAlternativeNames": [],
			"companyLegalForm": "AG",
			"website": "https://bold-overclocking.org",
			"isTeaserCompany": false
		},
		"t": {
			"general": {
				"general": {
					"reportingPeriod": "2024-04-13",
					"fiscalYearEnd": "2024-12-12",
					"euTaxonomyActivityLevelReporting": null,
					"numberOfEmployees": 85585.84,
					"nfrdMandatory": "No"
				}
			},
			"revenue": {
				"revenue": {
					"totalRevenue": 82700.39,
					"eligibleRevenue": 38551.24,
					"alignedRevenue": null,
					"substantialContributionToClimateChangeMitigation": 74890.99,
					"substantialContributionToClimateChangeAdaptation": 14349.3,
					"substantialContributionToSustainableUseAndProtectionOfWaterAndMarineResources": 71573.25,
					"substantialContributionToTransitionToACircularEconomy": 13768.36,
					"substantialContributionToPollutionPreventionAndControl": 30448.63,
					"substantialContributionToProtectionAndRestorationOfBiodiversityAndEcosystems": 8048.75,
					"nonAlignedRevenue": 73715.4,
					"nonEligibleRevenue": 20415.97,
					"enablingRevenue": 57581.48,
					"transitionalRevenue": 3573.47
				}
			},
			"capex": {
				"capex": {
					"totalCapex": null,
					"eligibleCapex": 66703.58,
					"alignedCapex": 7225.51,
					"substantialContributionToClimateChangeMitigation": 71111.48,
					"substantialContributionToClimateChangeAdaptation": null,
					"substantialContributionToSustainableUseAndProtectionOfWaterAndMarineResources": 44253.7,
					"substantialContributionToTransitionToACircularEconomy": 10302.05,
					"substantialContributionToPollutionPreventionAndControl": 5937.57,
					"substantialContributionToProtectionAndRestorationOfBiodiversityAndEcosystems": 3034.12,
					"nonAlignedCapex": 26920.85,
					"nonEligibleCapex": 34499.4,
					"enablingCapex": 34063.26,
					"transitionalCapex": 71301.16
				}
			},
			"opex": {
				"opex": {
					"totalOpex": 93408.28,
					"eligibleOpex": null,
					"alignedOpex": null,
					"substantialContributionToClimateChangeMitigation": 91835.76,
					"substantialContributionToClimateChangeAdaptation": 34107.96,
					"substantialContributionToSustainableUseAndProtectionOfWaterAndMarineResources": 46495.74,
					"substantialContributionToTransitionToACircularEconomy": null,
					"substantialContributionToPollutionPreventionAndControl": null,
					"substantialContributionToProtectionAndRestorationOfBiodiversityAndEcosystems": 30895.62,
					"nonAlignedOpex": 34338.93,
					"nonEligibleOpex": 8894.53,
					"enablingOpex": null,
					"transitionalOpex": 21265.61
				}
			}
		},
		"reportingPeriod": "2023"
	},
	{
		"companyInformation": {
			"companyName": "Huels Group",
			"headquarters": "Donbury",
			"headquartersPostalCode": "63996",
			"sector": "bandwidth",
			"identifiers": {
				"Lei": [],
				"Isin": [
					"t3jcjV5rAFb6",
					"1PlIX4x8zgIT"
				],
				"PermId": [
					"bpcFVv5HgY"
				],
				"Ticker": [
					"0cK5QN5"
				],
				"Duns": [
					"cu3MfvFjG"
				],
				"VatNumber": [
					"xpNmS5ajZ"
				],
				"CompanyRegistrationNumber": [
					"0fYH2mIGQWpLuyv"
				]
			},
			"countryCode": "CA",
			"companyAlternativeNames": [],
			"companyLegalForm": "Sole Trader",
			"website": "https://gorgeous-mantle.com",
			"isTeaserCompany": false
		},
		"t": {
			"general": {
				"general": {
					"reportingPeriod": "2024-02-10",
					"fiscalYearEnd": "2024-10-27",
					"euTaxonomyActivityLevelReporting": {
						"value": "Yes",
						"dataSource": null
					},
					"numberOfEmployees": null,
					"nfrdMandatory": "Yes"
				}
			},
			"revenue": {
				"revenue": {
					"totalRevenue": 47271.39,
					"eligibleRevenue": 60507.32,
					"alignedRevenue": 68579.43,
					"substantialContributionToClimateChangeMitigation": 80904.7,
					"substantialContributionToClimateChangeAdaptation": 48131.73,
					"substantialContributionToSustainableUseAndProtectionOfWaterAndMarineResources": 66027.92,
					"substantialContributionToTransitionToACircularEconomy": 8779.02,
					"substantialContributionToPollutionPreventionAndControl": 19719.08,
					"substantialContributionToProtectionAndRestorationOfBiodiversityAndEcosystems": 35825.58,
					"nonAlignedRevenue": 29312.52,
					"nonEligibleRevenue": 84811.9,
					"enablingRevenue": 30753.85,
					"transitionalRevenue": 6014.52
				}
			},
			"capex": {
				"capex": {
					"totalCapex": 86832.53,
					"eligibleCapex": 62494.89,
					"alignedCapex": null,
					"substantialContributionToClimateChangeMitigation": 90344.16,
					"substantialContributionToClimateChangeAdaptation": 50794.92,
					"substantialContributionToSustainableUseAndProtectionOfWaterAndMarineResources": 57224.73,
					"substantialContributionToTransitionToACircularEconomy": null,
					"substantialContributionToPollutionPreventionAndControl": 41320.71,
					"substantialContributionToProtectionAndRestorationOfBiodiversityAndEcosystems": 49477.21,
					"nonAlignedCapex": 2075.82,
					"nonEligibleCapex": 74998.06,
					"enablingCapex": null,
					"transitionalCapex": 20548.54
				}
			},
			"opex": {
				"opex": {
					"totalOpex": 2845.64,
					"eligibleOpex": 18903.2,
					"alignedOpex": 64122.06,
					"substantialContributionToClimateChangeMitigation": 83441.15,
					"substantialContributionToClimateChangeAdaptation": 18387.32,
					"substantialContributionToSustainableUseAndProtectionOfWaterAndMarineResources": null,
					"substantialContributionToTransitionToACircularEconomy": null,
					"substantialContributionToPollutionPreventionAndControl": 46884.56,
					"substantialContributionToProtectionAndRestorationOfBiodiversityAndEcosystems": 8372.47,
					"nonAlignedOpex": 47045.11,
					"nonEligibleOpex": 76634.53,
					"enablingOpex": 38492.93,
					"transitionalOpex": 37074.67
				}
			}
		},
		"reportingPeriod": "2023"
	},
	{
		"companyInformation": {
			"companyName": "Willms - Yundt",
			"headquarters": "Lysanneport",
			"headquartersPostalCode": "72358-1516",
			"sector": "systems",
			"identifiers": {
				"Lei": [
					"CcEs3lgV3EIQKN3ZYDxt"
				],
				"Isin": [
					"jIkadtzC7mEb",
					"XDYGLycuSOBC"
				],
				"PermId": [],
				"Ticker": [],
				"Duns": [
					"UpJrGklBc"
				],
				"VatNumber": [],
				"CompanyRegistrationNumber": []
			},
			"countryCode": "HK",
			"companyAlternativeNames": [],
			"companyLegalForm": "GmbH & Co. KG",
			"website": null,
			"isTeaserCompany": false
		},
		"t": {
			"general": {
				"general": {
					"reportingPeriod": "2024-12-31",
					"fiscalYearEnd": "2024-09-11",
					"euTaxonomyActivityLevelReporting": null,
					"numberOfEmployees": null,
					"nfrdMandatory": null
				}
			},
			"revenue": {
				"revenue": {
					"totalRevenue": 89429.28,
					"eligibleRevenue": 67952.32,
					"alignedRevenue": 52708.44,
					"substantialContributionToClimateChangeMitigation": 6850.75,
					"substantialContributionToClimateChangeAdaptation": 60917.72,
					"substantialContributionToSustainableUseAndProtectionOfWaterAndMarineResources": 38244.83,
					"substantialContributionToTransitionToACircularEconomy": 9541.34,
					"substantialContributionToPollutionPreventionAndControl": 53300.03,
					"substantialContributionToProtectionAndRestorationOfBiodiversityAndEcosystems": 17462.72,
					"nonAlignedRevenue": 48851.89,
					"nonEligibleRevenue": 49081.05,
					"enablingRevenue": 5773.97,
					"transitionalRevenue": 68236.75
				}
			},
			"capex": {
				"capex": {
					"totalCapex": null,
					"eligibleCapex": null,
					"alignedCapex": 97515.96,
					"substantialContributionToClimateChangeMitigation": 59499.25,
					"substantialContributionToClimateChangeAdaptation": 33911.79,
					"substantialContributionToSustainableUseAndProtectionOfWaterAndMarineResources": 46257.39,
					"substantialContributionToTransitionToACircularEconomy": null,
					"substantialContributionToPollutionPreventionAndControl": 33595.95,
					"substantialContributionToProtectionAndRestorationOfBiodiversityAndEcosystems": 11139.16,
					"nonAlignedCapex": 77666.15,
					"nonEligibleCapex": null,
					"enablingCapex": 1143.32,
					"transitionalCapex": null
				}
			},
			"opex": {
				"opex": {
					"totalOpex": 65926.49,
					"eligibleOpex": 58811.23,
					"alignedOpex": 36399.13,
					"substantialContributionToClimateChangeMitigation": 73486.05,
					"substantialContributionToClimateChangeAdaptation": 63303.06,
					"substantialContributionToSustainableUseAndProtectionOfWaterAndMarineResources": 72137.66,
					"substantialContributionToTransitionToACircularEconomy": 52513.83,
					"substantialContributionToPollutionPreventionAndControl": 60118.64,
					"substantialContributionToProtectionAndRestorationOfBiodiversityAndEcosystems": 61460.29,
					"nonAlignedOpex": 76081.11,
					"nonEligibleOpex": 10087.42,
					"enablingOpex": 5714.39,
					"transitionalOpex": null
				}
			}
		},
		"reportingPeriod": "2023"
	},
	{
		"companyInformation": {
			"companyName": "Hilll - Veum",
			"headquarters": "East Odiecester",
			"headquartersPostalCode": "43908",
			"sector": "functionalities",
			"identifiers": {
				"Lei": [],
				"Isin": [
					"MXTW8SbToqmP"
				],
				"PermId": [],
				"Ticker": [],
				"Duns": [],
				"VatNumber": [
					"zy1Kpzbq0"
				],
				"CompanyRegistrationNumber": []
			},
			"countryCode": "KZ",
			"companyAlternativeNames": [],
			"companyLegalForm": "Private Limited Company (Ltd)",
			"website": null,
			"isTeaserCompany": false
		},
		"t": {
			"general": {
				"general": {
					"reportingPeriod": "2024-01-27",
					"fiscalYearEnd": "2024-03-10",
					"euTaxonomyActivityLevelReporting": {
						"value": "Yes",
						"dataSource": {
							"fileName": "Policy",
							"fileReference": "50a36c418baffd520bb92d84664f06f9732a21f4e2e5ecee6d9136f16e7e0b63"
						}
					},
					"numberOfEmployees": 56115.99,
					"nfrdMandatory": "No"
				}
			},
			"revenue": {
				"revenue": {
					"totalRevenue": null,
					"eligibleRevenue": 28580.63,
					"alignedRevenue": 88099.31,
					"substantialContributionToClimateChangeMitigation": null,
					"substantialContributionToClimateChangeAdaptation": 73956.31,
					"substantialContributionToSustainableUseAndProtectionOfWaterAndMarineResources": 36922.98,
					"substantialContributionToTransitionToACircularEconomy": 55199.04,
					"substantialContributionToPollutionPreventionAndControl": 69332.41,
					"substantialContributionToProtectionAndRestorationOfBiodiversityAndEcosystems": 29733.27,
					"nonAlignedRevenue": 61902.99,
					"nonEligibleRevenue": 58526.11,
					"enablingRevenue": null,
					"transitionalRevenue": 97548.11
				}
			},
			"capex": {
				"capex": {
					"totalCapex": 3314.79,
					"eligibleCapex": 19675.84,
					"alignedCapex": 24209.76,
					"substantialContributionToClimateChangeMitigation": 38392.63,
					"substantialContributionToClimateChangeAdaptation": 40300.96,
					"substantialContributionToSustainableUseAndProtectionOfWaterAndMarineResources": 22401.67,
					"substantialContributionToTransitionToACircularEconomy": null,
					"substantialContributionToPollutionPreventionAndControl": 75468.2,
					"substantialContributionToProtectionAndRestorationOfBiodiversityAndEcosystems": null,
					"nonAlignedCapex": 84833.68,
					"nonEligibleCapex": 53616.95,
					"enablingCapex": 355.36,
					"transitionalCapex": 60306.46
				}
			},
			"opex": {
				"opex": {
					"totalOpex": 91689.53,
					"eligibleOpex": null,
					"alignedOpex": null,
					"substantialContributionToClimateChangeMitigation": null,
					"substantialContributionToClimateChangeAdaptation": null,
					"substantialContributionToSustainableUseAndProtectionOfWaterAndMarineResources": null,
					"substantialContributionToTransitionToACircularEconomy": null,
					"substantialContributionToPollutionPreventionAndControl": null,
					"substantialContributionToProtectionAndRestorationOfBiodiversityAndEcosystems": 8951.52,
					"nonAlignedOpex": 83359.17,
					"nonEligibleOpex": null,
					"enablingOpex": null,
					"transitionalOpex": 29374.33
				}
			}
		},
		"reportingPeriod": "2021"
	},
	{
		"companyInformation": {
			"companyName": "Reynolds, Harber and Casper",
			"headquarters": "West Clemmiechester",
			"headquartersPostalCode": "91163",
			"sector": "relationships",
			"identifiers": {
				"Lei": [],
				"Isin": [
					"FVWLopa5kxuK",
					"Zw8DOmNEPDlr"
				],
				"PermId": [
					"n9G7Y046Ts"
				],
				"Ticker": [],
				"Duns": [],
				"VatNumber": [
					"5ayCEbOh5"
				],
				"CompanyRegistrationNumber": [
					"cZJdgW0iuX6gGbj"
				]
			},
			"countryCode": "CC",
			"companyAlternativeNames": [
				"Kulas, Koepp and Emmerich",
				"Willms - Gleason"
			],
			"companyLegalForm": null,
			"website": "https://elaborate-lieutenant.com",
			"isTeaserCompany": false
		},
		"t": {
			"general": {
				"general": {
					"reportingPeriod": "2025-01-20",
					"fiscalYearEnd": "2024-10-30",
					"euTaxonomyActivityLevelReporting": {
						"value": "Yes",
						"dataSource": null
					},
					"numberOfEmployees": null,
					"nfrdMandatory": "No"
				}
			},
			"revenue": {
				"revenue": {
					"totalRevenue": 6585.54,
					"eligibleRevenue": 97809.63,
					"alignedRevenue": null,
					"substantialContributionToClimateChangeMitigation": 11626.32,
					"substantialContributionToClimateChangeAdaptation": 66455.52,
					"substantialContributionToSustainableUseAndProtectionOfWaterAndMarineResources": 89835.47,
					"substantialContributionToTransitionToACircularEconomy": 87230.29,
					"substantialContributionToPollutionPreventionAndControl": null,
					"substantialContributionToProtectionAndRestorationOfBiodiversityAndEcosystems": 9739.34,
					"nonAlignedRevenue": 62739.38,
					"nonEligibleRevenue": 54949.6,
					"enablingRevenue": 18350.02,
					"transitionalRevenue": null
				}
			},
			"capex": {
				"capex": {
					"totalCapex": 75392.67,
					"eligibleCapex": 40803.7,
					"alignedCapex": 14877.19,
					"substantialContributionToClimateChangeMitigation": 74576,
					"substantialContributionToClimateChangeAdaptation": 21572.9,
					"substantialContributionToSustainableUseAndProtectionOfWaterAndMarineResources": 1620.75,
					"substantialContributionToTransitionToACircularEconomy": 38938.31,
					"substantialContributionToPollutionPreventionAndControl": null,
					"substantialContributionToProtectionAndRestorationOfBiodiversityAndEcosystems": 75850.78,
					"nonAlignedCapex": 68208.82,
					"nonEligibleCapex": 4679.26,
					"enablingCapex": 14192.78,
					"transitionalCapex": null
				}
			},
			"opex": {
				"opex": {
					"totalOpex": 2102.36,
					"eligibleOpex": 35747.11,
					"alignedOpex": 88463.97,
					"substantialContributionToClimateChangeMitigation": 24030.91,
					"substantialContributionToClimateChangeAdaptation": 37732.42,
					"substantialContributionToSustainableUseAndProtectionOfWaterAndMarineResources": 35591.14,
					"substantialContributionToTransitionToACircularEconomy": 2025.76,
					"substantialContributionToPollutionPreventionAndControl": 32629.59,
					"substantialContributionToProtectionAndRestorationOfBiodiversityAndEcosystems": 1596.52,
					"nonAlignedOpex": null,
					"nonEligibleOpex": 17941.59,
					"enablingOpex": 58088.96,
					"transitionalOpex": 25261.58
				}
			}
		},
		"reportingPeriod": "2022"
	},
	{
		"companyInformation": {
			"companyName": "Howe, Bergnaum and Orn",
			"headquarters": "North Marilynestad",
			"headquartersPostalCode": "07869-5470",
			"sector": "bandwidth",
			"identifiers": {
				"Lei": [
					"ugusAsZ7Pughnl2OMLsk"
				],
				"Isin": [
					"4oGyZZk1ujE6"
				],
				"PermId": [],
				"Ticker": [
					"AbxMl0c"
				],
				"Duns": [],
				"VatNumber": [],
				"CompanyRegistrationNumber": [
					"uXS4A2GCoIPiQEv"
				]
			},
			"countryCode": "CA",
			"companyAlternativeNames": [],
			"companyLegalForm": "Limited Liability Partnership (LLP)",
			"website": "https://unselfish-diffuse.name",
			"isTeaserCompany": false
		},
		"t": {
			"general": {
				"general": {
					"reportingPeriod": "2024-10-29",
					"fiscalYearEnd": "2024-08-15",
					"euTaxonomyActivityLevelReporting": {
						"value": "No",
						"dataSource": {
							"fileName": "Policy",
							"fileReference": "50a36c418baffd520bb92d84664f06f9732a21f4e2e5ecee6d9136f16e7e0b63"
						}
					},
					"numberOfEmployees": 63904.75,
					"nfrdMandatory": "Yes"
				}
			},
			"revenue": {
				"revenue": {
					"totalRevenue": 18954.66,
					"eligibleRevenue": 29627.85,
					"alignedRevenue": 95304.95,
					"substantialContributionToClimateChangeMitigation": 47890.85,
					"substantialContributionToClimateChangeAdaptation": 39479.28,
					"substantialContributionToSustainableUseAndProtectionOfWaterAndMarineResources": 31843.33,
					"substantialContributionToTransitionToACircularEconomy": null,
					"substantialContributionToPollutionPreventionAndControl": 64431.65,
					"substantialContributionToProtectionAndRestorationOfBiodiversityAndEcosystems": 96905.87,
					"nonAlignedRevenue": 74835.98,
					"nonEligibleRevenue": null,
					"enablingRevenue": null,
					"transitionalRevenue": 99464.22
				}
			},
			"capex": {
				"capex": {
					"totalCapex": 34868.93,
					"eligibleCapex": null,
					"alignedCapex": 20219.27,
					"substantialContributionToClimateChangeMitigation": 9489.82,
					"substantialContributionToClimateChangeAdaptation": 77140.32,
					"substantialContributionToSustainableUseAndProtectionOfWaterAndMarineResources": null,
					"substantialContributionToTransitionToACircularEconomy": null,
					"substantialContributionToPollutionPreventionAndControl": 73804.14,
					"substantialContributionToProtectionAndRestorationOfBiodiversityAndEcosystems": 41454.78,
					"nonAlignedCapex": 71909.9,
					"nonEligibleCapex": 11982.31,
					"enablingCapex": 65748.32,
					"transitionalCapex": 88472.36
				}
			},
			"opex": {
				"opex": {
					"totalOpex": 27017.38,
					"eligibleOpex": null,
					"alignedOpex": 77037.39,
					"substantialContributionToClimateChangeMitigation": 49298.14,
					"substantialContributionToClimateChangeAdaptation": 93191.79,
					"substantialContributionToSustainableUseAndProtectionOfWaterAndMarineResources": 78636.16,
					"substantialContributionToTransitionToACircularEconomy": 4164.68,
					"substantialContributionToPollutionPreventionAndControl": null,
					"substantialContributionToProtectionAndRestorationOfBiodiversityAndEcosystems": 58683.76,
					"nonAlignedOpex": 57512.82,
					"nonEligibleOpex": 84662.05,
					"enablingOpex": 33243.93,
					"transitionalOpex": 37233.97
				}
			}
		},
		"reportingPeriod": "2019"
	},
	{
		"companyInformation": {
			"companyName": "Hirthe LLC",
			"headquarters": "Antoniobury",
			"headquartersPostalCode": "44535",
			"sector": "methodologies",
			"identifiers": {
				"Lei": [
					"eQqStgSXUH3XGTPDfF8B"
				],
				"Isin": [
					"onMFLQZoQHTi",
					"GQpri4a00xbu"
				],
				"PermId": [
					"vp6yrqBMsy"
				],
				"Ticker": [
					"75vhQWi"
				],
				"Duns": [],
				"VatNumber": [
					"KGb5dGSJh"
				],
				"CompanyRegistrationNumber": [
					"M0bAyB4POy77tjH"
				]
			},
			"countryCode": "WF",
			"companyAlternativeNames": [
				"Conroy and Sons",
				"Harris, Hodkiewicz and Wintheiser",
				"Monahan and Sons",
				"Waters - Cormier"
			],
			"companyLegalForm": "AG",
			"website": null,
			"isTeaserCompany": false
		},
		"t": {
			"general": {
				"general": {
					"reportingPeriod": "2025-01-12",
					"fiscalYearEnd": "2024-08-22",
					"euTaxonomyActivityLevelReporting": null,
					"numberOfEmployees": 74649.54,
					"nfrdMandatory": null
				}
			},
			"revenue": {
				"revenue": {
					"totalRevenue": 39302.71,
					"eligibleRevenue": null,
					"alignedRevenue": null,
					"substantialContributionToClimateChangeMitigation": 85161.71,
					"substantialContributionToClimateChangeAdaptation": 26517.19,
					"substantialContributionToSustainableUseAndProtectionOfWaterAndMarineResources": 41442.65,
					"substantialContributionToTransitionToACircularEconomy": null,
					"substantialContributionToPollutionPreventionAndControl": null,
					"substantialContributionToProtectionAndRestorationOfBiodiversityAndEcosystems": 67821.98,
					"nonAlignedRevenue": 20636.49,
					"nonEligibleRevenue": 31827.39,
					"enablingRevenue": null,
					"transitionalRevenue": 20317.4
				}
			},
			"capex": {
				"capex": {
					"totalCapex": 31357.28,
					"eligibleCapex": 25470.4,
					"alignedCapex": 19972.44,
					"substantialContributionToClimateChangeMitigation": 89757.05,
					"substantialContributionToClimateChangeAdaptation": null,
					"substantialContributionToSustainableUseAndProtectionOfWaterAndMarineResources": null,
					"substantialContributionToTransitionToACircularEconomy": 73869.55,
					"substantialContributionToPollutionPreventionAndControl": null,
					"substantialContributionToProtectionAndRestorationOfBiodiversityAndEcosystems": 97865.01,
					"nonAlignedCapex": 44863.92,
					"nonEligibleCapex": 95595.22,
					"enablingCapex": 30891.31,
					"transitionalCapex": null
				}
			},
			"opex": {
				"opex": {
					"totalOpex": 72119.34,
					"eligibleOpex": 81906.51,
					"alignedOpex": 74300.2,
					"substantialContributionToClimateChangeMitigation": 93725.14,
					"substantialContributionToClimateChangeAdaptation": 93147.04,
					"substantialContributionToSustainableUseAndProtectionOfWaterAndMarineResources": null,
					"substantialContributionToTransitionToACircularEconomy": 87036.27,
					"substantialContributionToPollutionPreventionAndControl": 45298.95,
					"substantialContributionToProtectionAndRestorationOfBiodiversityAndEcosystems": 17429.88,
					"nonAlignedOpex": null,
					"nonEligibleOpex": null,
					"enablingOpex": 80976.45,
					"transitionalOpex": 38656.51
				}
			}
		},
		"reportingPeriod": "2022"
	},
	{
		"companyInformation": {
			"companyName": "Auer Inc",
			"headquarters": "Doral",
			"headquartersPostalCode": "85176-4231",
			"sector": "architectures",
			"identifiers": {
				"Lei": [],
				"Isin": [
					"5CoowRE6Iel2"
				],
				"PermId": [
					"pn7DIRXg0L"
				],
				"Ticker": [
					"Ren54fJ"
				],
				"Duns": [
					"APwgsQXEn"
				],
				"VatNumber": [
					"V6OTePwvo"
				],
				"CompanyRegistrationNumber": []
			},
			"countryCode": "CW",
			"companyAlternativeNames": [
				"Lakin Group"
			],
			"companyLegalForm": "GmbH",
			"website": "https://canine-riding.info/",
			"isTeaserCompany": false
		},
		"t": {
			"general": {
				"general": {
					"reportingPeriod": "2024-08-04",
					"fiscalYearEnd": "2024-05-01",
					"euTaxonomyActivityLevelReporting": {
						"value": "Yes",
						"dataSource": {
							"fileName": "Policy",
							"fileReference": "50a36c418baffd520bb92d84664f06f9732a21f4e2e5ecee6d9136f16e7e0b63"
						}
					},
					"numberOfEmployees": 33548.16,
					"nfrdMandatory": null
				}
			},
			"revenue": {
				"revenue": {
					"totalRevenue": 76233.58,
					"eligibleRevenue": 80698.41,
					"alignedRevenue": null,
					"substantialContributionToClimateChangeMitigation": 46150.48,
					"substantialContributionToClimateChangeAdaptation": null,
					"substantialContributionToSustainableUseAndProtectionOfWaterAndMarineResources": 50113.64,
					"substantialContributionToTransitionToACircularEconomy": 19343.04,
					"substantialContributionToPollutionPreventionAndControl": 65095.4,
					"substantialContributionToProtectionAndRestorationOfBiodiversityAndEcosystems": 50116.1,
					"nonAlignedRevenue": null,
					"nonEligibleRevenue": 16068.38,
					"enablingRevenue": 4248.35,
					"transitionalRevenue": 69910.09
				}
			},
			"capex": {
				"capex": {
					"totalCapex": 89323.5,
					"eligibleCapex": null,
					"alignedCapex": 2762.09,
					"substantialContributionToClimateChangeMitigation": 10573.94,
					"substantialContributionToClimateChangeAdaptation": 11363.39,
					"substantialContributionToSustainableUseAndProtectionOfWaterAndMarineResources": 95816.18,
					"substantialContributionToTransitionToACircularEconomy": 29457.82,
					"substantialContributionToPollutionPreventionAndControl": 96394.06,
					"substantialContributionToProtectionAndRestorationOfBiodiversityAndEcosystems": 37275.01,
					"nonAlignedCapex": 21393.45,
					"nonEligibleCapex": 56172.66,
					"enablingCapex": 3262.51,
					"transitionalCapex": 47529.52
				}
			},
			"opex": {
				"opex": {
					"totalOpex": 96921.73,
					"eligibleOpex": 13069.05,
					"alignedOpex": 47236.77,
					"substantialContributionToClimateChangeMitigation": 95688.11,
					"substantialContributionToClimateChangeAdaptation": 19127.12,
					"substantialContributionToSustainableUseAndProtectionOfWaterAndMarineResources": 65478.61,
					"substantialContributionToTransitionToACircularEconomy": null,
					"substantialContributionToPollutionPreventionAndControl": 9318.24,
					"substantialContributionToProtectionAndRestorationOfBiodiversityAndEcosystems": 17757.89,
					"nonAlignedOpex": 35946.21,
					"nonEligibleOpex": 92309.71,
					"enablingOpex": 76709.3,
					"transitionalOpex": 46793.73
				}
			}
		},
		"reportingPeriod": "2021"
	},
	{
		"companyInformation": {
			"companyName": "Bashirian Inc",
			"headquarters": "Largo",
			"headquartersPostalCode": "35160-7579",
			"sector": "infrastructures",
			"identifiers": {
				"Lei": [
					"01Zs1RjhAsmaayAiH42D"
				],
				"Isin": [
					"BhjN8XFelG10"
				],
				"PermId": [
					"5BJZUmyUqi"
				],
				"Ticker": [
					"Rxtooci"
				],
				"Duns": [
					"vyh3vnJ5E"
				],
				"VatNumber": [],
				"CompanyRegistrationNumber": []
			},
			"countryCode": "CA",
			"companyAlternativeNames": [
				"Farrell, Vandervort and Schaefer",
				"Moen - Cormier",
				"Runolfsson, Hegmann and Klocko"
			],
			"companyLegalForm": "Partnership without Limited Liability",
			"website": null,
			"isTeaserCompany": false
		},
		"t": {
			"general": {
				"general": {
					"reportingPeriod": "2024-03-23",
					"fiscalYearEnd": "2024-03-20",
					"euTaxonomyActivityLevelReporting": {
						"value": "Yes",
						"dataSource": null
					},
					"numberOfEmployees": 70795.9,
					"nfrdMandatory": "Yes"
				}
			},
			"revenue": {
				"revenue": {
					"totalRevenue": null,
					"eligibleRevenue": 25641.26,
					"alignedRevenue": 58981.29,
					"substantialContributionToClimateChangeMitigation": null,
					"substantialContributionToClimateChangeAdaptation": 8925.35,
					"substantialContributionToSustainableUseAndProtectionOfWaterAndMarineResources": 87453.54,
					"substantialContributionToTransitionToACircularEconomy": 83087.35,
					"substantialContributionToPollutionPreventionAndControl": 48687.83,
					"substantialContributionToProtectionAndRestorationOfBiodiversityAndEcosystems": 11418.17,
					"nonAlignedRevenue": null,
					"nonEligibleRevenue": 39513.25,
					"enablingRevenue": 78122.69,
					"transitionalRevenue": 41820.49
				}
			},
			"capex": {
				"capex": {
					"totalCapex": 80920.44,
					"eligibleCapex": 63123.32,
					"alignedCapex": 46524.36,
					"substantialContributionToClimateChangeMitigation": 86520.48,
					"substantialContributionToClimateChangeAdaptation": 58250.66,
					"substantialContributionToSustainableUseAndProtectionOfWaterAndMarineResources": null,
					"substantialContributionToTransitionToACircularEconomy": 46600.32,
					"substantialContributionToPollutionPreventionAndControl": 53680.91,
					"substantialContributionToProtectionAndRestorationOfBiodiversityAndEcosystems": 12414.69,
					"nonAlignedCapex": 62583.09,
					"nonEligibleCapex": 21951.43,
					"enablingCapex": 21471.99,
					"transitionalCapex": 16571.06
				}
			},
			"opex": {
				"opex": {
					"totalOpex": 67793.74,
					"eligibleOpex": null,
					"alignedOpex": 34449.64,
					"substantialContributionToClimateChangeMitigation": 26444.24,
					"substantialContributionToClimateChangeAdaptation": 10762.9,
					"substantialContributionToSustainableUseAndProtectionOfWaterAndMarineResources": 6609.58,
					"substantialContributionToTransitionToACircularEconomy": 86143.36,
					"substantialContributionToPollutionPreventionAndControl": 24033.24,
					"substantialContributionToProtectionAndRestorationOfBiodiversityAndEcosystems": 53612.63,
					"nonAlignedOpex": 40676.89,
					"nonEligibleOpex": 94536.81,
					"enablingOpex": 11934.66,
					"transitionalOpex": 90891.61
				}
			}
		},
		"reportingPeriod": "2023"
	},
	{
		"companyInformation": {
			"companyName": "Morar Group",
			"headquarters": "New Terry",
			"headquartersPostalCode": "55313",
			"sector": null,
			"identifiers": {
				"Lei": [
					"qFxbyKvIYXMS77mrOC9g"
				],
				"Isin": [
					"8IdalmOYII3N",
					"toaELR0pte1G"
				],
				"PermId": [
					"gWVfOqDVPK"
				],
				"Ticker": [
					"VNUTwYh"
				],
				"Duns": [
					"5Io92oLB6"
				],
				"VatNumber": [],
				"CompanyRegistrationNumber": []
			},
			"countryCode": "IL",
			"companyAlternativeNames": [
				"Beer, Beier and Grant",
				"Koss and Sons",
				"Mayert - Steuber"
			],
			"companyLegalForm": "AG",
			"website": "https://afraid-purpose.org/",
			"isTeaserCompany": false
		},
		"t": {
			"general": {
				"general": {
					"reportingPeriod": "2024-11-16",
					"fiscalYearEnd": "2024-11-01",
					"euTaxonomyActivityLevelReporting": {
						"value": "No",
						"dataSource": {
							"fileName": "Certification",
							"fileReference": "50a36c418baffd520bb92d84664f06f9732a21f4e2e5ecee6d9136f16e7e0b63"
						}
					},
					"numberOfEmployees": 47718.43,
					"nfrdMandatory": "Yes"
				}
			},
			"revenue": {
				"revenue": {
					"totalRevenue": 25522.46,
					"eligibleRevenue": 44483.99,
					"alignedRevenue": 90241.86,
					"substantialContributionToClimateChangeMitigation": null,
					"substantialContributionToClimateChangeAdaptation": 4203.31,
					"substantialContributionToSustainableUseAndProtectionOfWaterAndMarineResources": 15203.47,
					"substantialContributionToTransitionToACircularEconomy": 72218.05,
					"substantialContributionToPollutionPreventionAndControl": 84220.87,
					"substantialContributionToProtectionAndRestorationOfBiodiversityAndEcosystems": 85479.86,
					"nonAlignedRevenue": 5448.11,
					"nonEligibleRevenue": 9776.75,
					"enablingRevenue": 70261.93,
					"transitionalRevenue": null
				}
			},
			"capex": {
				"capex": {
					"totalCapex": 73913.47,
					"eligibleCapex": null,
					"alignedCapex": null,
					"substantialContributionToClimateChangeMitigation": null,
					"substantialContributionToClimateChangeAdaptation": 75116.24,
					"substantialContributionToSustainableUseAndProtectionOfWaterAndMarineResources": null,
					"substantialContributionToTransitionToACircularEconomy": 87049.93,
					"substantialContributionToPollutionPreventionAndControl": 12750.34,
					"substantialContributionToProtectionAndRestorationOfBiodiversityAndEcosystems": 98975.34,
					"nonAlignedCapex": 12931.54,
					"nonEligibleCapex": 2576.9,
					"enablingCapex": null,
					"transitionalCapex": 61145.24
				}
			},
			"opex": {
				"opex": {
					"totalOpex": 35850.68,
					"eligibleOpex": 18981.7,
					"alignedOpex": null,
					"substantialContributionToClimateChangeMitigation": null,
					"substantialContributionToClimateChangeAdaptation": 97266.84,
					"substantialContributionToSustainableUseAndProtectionOfWaterAndMarineResources": 74978.7,
					"substantialContributionToTransitionToACircularEconomy": 82179.36,
					"substantialContributionToPollutionPreventionAndControl": 43288.23,
					"substantialContributionToProtectionAndRestorationOfBiodiversityAndEcosystems": 95271.25,
					"nonAlignedOpex": null,
					"nonEligibleOpex": null,
					"enablingOpex": 28921.4,
					"transitionalOpex": 66334.55
				}
			}
		},
		"reportingPeriod": "2023"
	},
	{
		"companyInformation": {
			"companyName": "Auer, Nienow and Conn",
			"headquarters": "Alafaya",
			"headquartersPostalCode": null,
			"sector": "functionalities",
			"identifiers": {
				"Lei": [
					"aCdLFV3pLn0oPVblvN2B"
				],
				"Isin": [
					"yjXhgnWWgebi"
				],
				"PermId": [
					"DROYgD6Sr6"
				],
				"Ticker": [],
				"Duns": [
					"cjKXWH7Np"
				],
				"VatNumber": [
					"JH7lPB0zX"
				],
				"CompanyRegistrationNumber": [
					"6G4SaudOMATOUCQ"
				]
			},
			"countryCode": "IR",
			"companyAlternativeNames": [
				"Frami Group",
				"Goyette - Schaefer",
				"O'Reilly - Beahan",
				"Renner Inc"
			],
			"companyLegalForm": "Public Limited Company (PLC)",
			"website": "https://sure-footed-environment.org/",
			"isTeaserCompany": false
		},
		"t": {
			"general": {
				"general": {
					"reportingPeriod": "2024-11-21",
					"fiscalYearEnd": "2024-07-29",
					"euTaxonomyActivityLevelReporting": {
						"value": "No",
						"dataSource": {
							"fileName": "Policy",
							"fileReference": "50a36c418baffd520bb92d84664f06f9732a21f4e2e5ecee6d9136f16e7e0b63"
						}
					},
					"numberOfEmployees": null,
					"nfrdMandatory": "No"
				}
			},
			"revenue": {
				"revenue": {
					"totalRevenue": 699.43,
					"eligibleRevenue": 61427.37,
					"alignedRevenue": 42452.49,
					"substantialContributionToClimateChangeMitigation": 20969.24,
					"substantialContributionToClimateChangeAdaptation": null,
					"substantialContributionToSustainableUseAndProtectionOfWaterAndMarineResources": 3584.55,
					"substantialContributionToTransitionToACircularEconomy": 90416.66,
					"substantialContributionToPollutionPreventionAndControl": null,
					"substantialContributionToProtectionAndRestorationOfBiodiversityAndEcosystems": 61729.63,
					"nonAlignedRevenue": null,
					"nonEligibleRevenue": 62743.28,
					"enablingRevenue": 57740.14,
					"transitionalRevenue": 79036.82
				}
			},
			"capex": {
				"capex": {
					"totalCapex": 63688.52,
					"eligibleCapex": 93055.86,
					"alignedCapex": 30964.57,
					"substantialContributionToClimateChangeMitigation": 32098.11,
					"substantialContributionToClimateChangeAdaptation": 33193.78,
					"substantialContributionToSustainableUseAndProtectionOfWaterAndMarineResources": 86867.74,
					"substantialContributionToTransitionToACircularEconomy": 77875.21,
					"substantialContributionToPollutionPreventionAndControl": 36217.16,
					"substantialContributionToProtectionAndRestorationOfBiodiversityAndEcosystems": 61812.8,
					"nonAlignedCapex": 46097.11,
					"nonEligibleCapex": 2078.72,
					"enablingCapex": 94615.57,
					"transitionalCapex": null
				}
			},
			"opex": {
				"opex": {
					"totalOpex": 62665.34,
					"eligibleOpex": 99668.58,
					"alignedOpex": 13578.75,
					"substantialContributionToClimateChangeMitigation": 3987.04,
					"substantialContributionToClimateChangeAdaptation": null,
					"substantialContributionToSustainableUseAndProtectionOfWaterAndMarineResources": 55918.88,
					"substantialContributionToTransitionToACircularEconomy": 26562.05,
					"substantialContributionToPollutionPreventionAndControl": 29046.02,
					"substantialContributionToProtectionAndRestorationOfBiodiversityAndEcosystems": 18432.9,
					"nonAlignedOpex": 59596.72,
					"nonEligibleOpex": 92535.25,
					"enablingOpex": 4395.77,
					"transitionalOpex": null
				}
			}
		},
		"reportingPeriod": "2023"
	},
	{
		"companyInformation": {
			"companyName": "Bruen - Hahn",
			"headquarters": "Port Paxton",
			"headquartersPostalCode": "91572",
			"sector": "paradigms",
			"identifiers": {
				"Lei": [],
				"Isin": [
					"X2pYZ5Qu370o",
					"kuHuHzojKixK"
				],
				"PermId": [
					"80VioLtOgI"
				],
				"Ticker": [],
				"Duns": [],
				"VatNumber": [],
				"CompanyRegistrationNumber": [
					"sONYZICOgejXjqt"
				]
			},
			"countryCode": "SG",
			"companyAlternativeNames": [],
			"companyLegalForm": "Partnership without Limited Liability",
			"website": "https://unacceptable-rite.info/",
			"isTeaserCompany": false
		},
		"t": {
			"general": {
				"general": {
					"reportingPeriod": "2024-08-04",
					"fiscalYearEnd": "2024-02-20",
					"euTaxonomyActivityLevelReporting": {
						"value": "No",
						"dataSource": {
							"fileName": "Policy",
							"fileReference": "50a36c418baffd520bb92d84664f06f9732a21f4e2e5ecee6d9136f16e7e0b63"
						}
					},
					"numberOfEmployees": 67885.68,
					"nfrdMandatory": "Yes"
				}
			},
			"revenue": {
				"revenue": {
					"totalRevenue": null,
					"eligibleRevenue": null,
					"alignedRevenue": 61287.21,
					"substantialContributionToClimateChangeMitigation": 41955.49,
					"substantialContributionToClimateChangeAdaptation": 19333,
					"substantialContributionToSustainableUseAndProtectionOfWaterAndMarineResources": null,
					"substantialContributionToTransitionToACircularEconomy": 41953.48,
					"substantialContributionToPollutionPreventionAndControl": 22077.12,
					"substantialContributionToProtectionAndRestorationOfBiodiversityAndEcosystems": null,
					"nonAlignedRevenue": 34954.51,
					"nonEligibleRevenue": 19580.93,
					"enablingRevenue": 62325.36,
					"transitionalRevenue": 64849.59
				}
			},
			"capex": {
				"capex": {
					"totalCapex": null,
					"eligibleCapex": 37178.25,
					"alignedCapex": null,
					"substantialContributionToClimateChangeMitigation": 55869.67,
					"substantialContributionToClimateChangeAdaptation": 6230.18,
					"substantialContributionToSustainableUseAndProtectionOfWaterAndMarineResources": null,
					"substantialContributionToTransitionToACircularEconomy": null,
					"substantialContributionToPollutionPreventionAndControl": 41218.44,
					"substantialContributionToProtectionAndRestorationOfBiodiversityAndEcosystems": 39994.63,
					"nonAlignedCapex": 77328.37,
					"nonEligibleCapex": 81257.23,
					"enablingCapex": 46070.22,
					"transitionalCapex": 20349.91
				}
			},
			"opex": {
				"opex": {
					"totalOpex": 90169.97,
					"eligibleOpex": 87112.3,
					"alignedOpex": null,
					"substantialContributionToClimateChangeMitigation": 39126.03,
					"substantialContributionToClimateChangeAdaptation": 19690.22,
					"substantialContributionToSustainableUseAndProtectionOfWaterAndMarineResources": 47486.66,
					"substantialContributionToTransitionToACircularEconomy": null,
					"substantialContributionToPollutionPreventionAndControl": 64313.32,
					"substantialContributionToProtectionAndRestorationOfBiodiversityAndEcosystems": 55382.35,
					"nonAlignedOpex": 72927.88,
					"nonEligibleOpex": 63797.08,
					"enablingOpex": 66507.59,
					"transitionalOpex": 53395.56
				}
			}
		},
		"reportingPeriod": "2019"
	},
	{
		"companyInformation": {
			"companyName": "Effertz Inc",
			"headquarters": "Domenicaburgh",
			"headquartersPostalCode": "00063",
			"sector": "channels",
			"identifiers": {
				"Lei": [
					"OPSCCfyCZW0zH7unchlF"
				],
				"Isin": [
					"IFQ9pwXbWwht"
				],
				"PermId": [],
				"Ticker": [
					"KfnN4Yw"
				],
				"Duns": [
					"5dwSNHOpH"
				],
				"VatNumber": [
					"GFMKIkrFL"
				],
				"CompanyRegistrationNumber": [
					"gBhspSG8mzqoYzq"
				]
			},
			"countryCode": "IO",
			"companyAlternativeNames": [
				"Bins - Pfannerstill",
				"Crona, Jacobi and Kohler",
				"Sanford Group"
			],
			"companyLegalForm": "Private Limited Company (Ltd)",
			"website": "https://belated-display.org/",
			"isTeaserCompany": false
		},
		"t": {
			"general": {
				"general": {
					"reportingPeriod": "2024-11-08",
					"fiscalYearEnd": "2024-04-18",
					"euTaxonomyActivityLevelReporting": {
						"value": "Yes",
						"dataSource": {
							"fileName": "Policy",
							"fileReference": "50a36c418baffd520bb92d84664f06f9732a21f4e2e5ecee6d9136f16e7e0b63"
						}
					},
					"numberOfEmployees": 59677.73,
					"nfrdMandatory": null
				}
			},
			"revenue": {
				"revenue": {
					"totalRevenue": 47303.26,
					"eligibleRevenue": 80056.78,
					"alignedRevenue": 49060.78,
					"substantialContributionToClimateChangeMitigation": 11629.16,
					"substantialContributionToClimateChangeAdaptation": null,
					"substantialContributionToSustainableUseAndProtectionOfWaterAndMarineResources": 60736.46,
					"substantialContributionToTransitionToACircularEconomy": null,
					"substantialContributionToPollutionPreventionAndControl": 55989.32,
					"substantialContributionToProtectionAndRestorationOfBiodiversityAndEcosystems": null,
					"nonAlignedRevenue": 9063.26,
					"nonEligibleRevenue": 64853.23,
					"enablingRevenue": 45578.65,
					"transitionalRevenue": 85494.93
				}
			},
			"capex": {
				"capex": {
					"totalCapex": null,
					"eligibleCapex": 2776.44,
					"alignedCapex": 86379.53,
					"substantialContributionToClimateChangeMitigation": 46991.53,
					"substantialContributionToClimateChangeAdaptation": null,
					"substantialContributionToSustainableUseAndProtectionOfWaterAndMarineResources": 31025.39,
					"substantialContributionToTransitionToACircularEconomy": 91085.42,
					"substantialContributionToPollutionPreventionAndControl": null,
					"substantialContributionToProtectionAndRestorationOfBiodiversityAndEcosystems": 52801.9,
					"nonAlignedCapex": 93867.29,
					"nonEligibleCapex": 7056.35,
					"enablingCapex": 42247.48,
					"transitionalCapex": 74444.72
				}
			},
			"opex": {
				"opex": {
					"totalOpex": 81395.16,
					"eligibleOpex": 45105.14,
					"alignedOpex": null,
					"substantialContributionToClimateChangeMitigation": null,
					"substantialContributionToClimateChangeAdaptation": 60672.14,
					"substantialContributionToSustainableUseAndProtectionOfWaterAndMarineResources": 27626.15,
					"substantialContributionToTransitionToACircularEconomy": 85599.25,
					"substantialContributionToPollutionPreventionAndControl": 29679.52,
					"substantialContributionToProtectionAndRestorationOfBiodiversityAndEcosystems": 72712.22,
					"nonAlignedOpex": 40295.11,
					"nonEligibleOpex": 48588.41,
					"enablingOpex": 19909.31,
					"transitionalOpex": 97103.07
				}
			}
		},
		"reportingPeriod": "2023"
	},
	{
		"companyInformation": {
			"companyName": "Fisher, Stanton and O'Hara",
			"headquarters": "Reston",
			"headquartersPostalCode": "29891-4309",
			"sector": "technologies",
			"identifiers": {
				"Lei": [],
				"Isin": [
					"YOFINxvsZYRN"
				],
				"PermId": [],
				"Ticker": [
					"TlsTKg7"
				],
				"Duns": [],
				"VatNumber": [
					"sM9OHbeyM"
				],
				"CompanyRegistrationNumber": [
					"PehS3mMb2yghKWQ"
				]
			},
			"countryCode": "RU",
			"companyAlternativeNames": [
				"Hettinger, Davis and Reynolds",
				"Larkin, Daniel and Grimes",
				"Miller Group",
				"Mueller - DuBuque"
			],
			"companyLegalForm": "Private Limited Company (Ltd)",
			"website": "https://distant-relay.name",
			"isTeaserCompany": false
		},
		"t": {
			"general": {
				"general": {
					"reportingPeriod": "2024-11-21",
					"fiscalYearEnd": "2024-05-01",
					"euTaxonomyActivityLevelReporting": {
						"value": "Yes",
						"dataSource": null
					},
					"numberOfEmployees": 99483.49,
					"nfrdMandatory": "No"
				}
			},
			"revenue": {
				"revenue": {
					"totalRevenue": null,
					"eligibleRevenue": null,
					"alignedRevenue": 765.89,
					"substantialContributionToClimateChangeMitigation": 27074.57,
					"substantialContributionToClimateChangeAdaptation": 53171.48,
					"substantialContributionToSustainableUseAndProtectionOfWaterAndMarineResources": null,
					"substantialContributionToTransitionToACircularEconomy": 93067.83,
					"substantialContributionToPollutionPreventionAndControl": 17521.75,
					"substantialContributionToProtectionAndRestorationOfBiodiversityAndEcosystems": 91561.3,
					"nonAlignedRevenue": 95417.28,
					"nonEligibleRevenue": 74943.52,
					"enablingRevenue": 38769.86,
					"transitionalRevenue": 24541.78
				}
			},
			"capex": {
				"capex": {
					"totalCapex": 32951.65,
					"eligibleCapex": 35962.12,
					"alignedCapex": 21302.62,
					"substantialContributionToClimateChangeMitigation": null,
					"substantialContributionToClimateChangeAdaptation": 49555.99,
					"substantialContributionToSustainableUseAndProtectionOfWaterAndMarineResources": 96360.3,
					"substantialContributionToTransitionToACircularEconomy": null,
					"substantialContributionToPollutionPreventionAndControl": 75707.57,
					"substantialContributionToProtectionAndRestorationOfBiodiversityAndEcosystems": 95608.38,
					"nonAlignedCapex": null,
					"nonEligibleCapex": 21020.82,
					"enablingCapex": 5972.66,
					"transitionalCapex": 30135.08
				}
			},
			"opex": {
				"opex": {
					"totalOpex": 54788.95,
					"eligibleOpex": 12254.66,
					"alignedOpex": 26511.52,
					"substantialContributionToClimateChangeMitigation": 90829.17,
					"substantialContributionToClimateChangeAdaptation": 28914.65,
					"substantialContributionToSustainableUseAndProtectionOfWaterAndMarineResources": null,
					"substantialContributionToTransitionToACircularEconomy": null,
					"substantialContributionToPollutionPreventionAndControl": 18313.97,
					"substantialContributionToProtectionAndRestorationOfBiodiversityAndEcosystems": 84165.28,
					"nonAlignedOpex": 28046.47,
					"nonEligibleOpex": 12314.56,
					"enablingOpex": null,
					"transitionalOpex": 65297.2
				}
			}
		},
		"reportingPeriod": "2019"
	},
	{
		"companyInformation": {
			"companyName": "Schoen - Borer",
			"headquarters": "Redmond",
			"headquartersPostalCode": "09280-8722",
			"sector": "functionalities",
			"identifiers": {
				"Lei": [],
				"Isin": [
					"OyFCClfsXhEY"
				],
				"PermId": [
					"Bqljv5lWLK"
				],
				"Ticker": [
					"8VrefD3"
				],
				"Duns": [
					"8M1SAQJTg"
				],
				"VatNumber": [
					"wVn8HuPfp"
				],
				"CompanyRegistrationNumber": []
			},
			"countryCode": "IS",
			"companyAlternativeNames": [],
			"companyLegalForm": "Public Limited Company (PLC)",
			"website": "https://zany-clock.name/",
			"isTeaserCompany": false
		},
		"t": {
			"general": {
				"general": {
					"reportingPeriod": "2024-11-26",
					"fiscalYearEnd": "2024-09-18",
					"euTaxonomyActivityLevelReporting": {
						"value": "No",
						"dataSource": {
							"fileName": "Certification",
							"fileReference": "50a36c418baffd520bb92d84664f06f9732a21f4e2e5ecee6d9136f16e7e0b63"
						}
					},
					"numberOfEmployees": 54903.9,
					"nfrdMandatory": "No"
				}
			},
			"revenue": {
				"revenue": {
					"totalRevenue": 90345.06,
					"eligibleRevenue": 29108.4,
					"alignedRevenue": 76853.33,
					"substantialContributionToClimateChangeMitigation": 6227.99,
					"substantialContributionToClimateChangeAdaptation": 83490.92,
					"substantialContributionToSustainableUseAndProtectionOfWaterAndMarineResources": 95638.01,
					"substantialContributionToTransitionToACircularEconomy": 89997.48,
					"substantialContributionToPollutionPreventionAndControl": 19876.2,
					"substantialContributionToProtectionAndRestorationOfBiodiversityAndEcosystems": 73391.49,
					"nonAlignedRevenue": null,
					"nonEligibleRevenue": 8059.91,
					"enablingRevenue": 49734.54,
					"transitionalRevenue": null
				}
			},
			"capex": {
				"capex": {
					"totalCapex": 42101.3,
					"eligibleCapex": 57032.62,
					"alignedCapex": 4303.24,
					"substantialContributionToClimateChangeMitigation": 34902.44,
					"substantialContributionToClimateChangeAdaptation": 40729.91,
					"substantialContributionToSustainableUseAndProtectionOfWaterAndMarineResources": 45497.63,
					"substantialContributionToTransitionToACircularEconomy": null,
					"substantialContributionToPollutionPreventionAndControl": null,
					"substantialContributionToProtectionAndRestorationOfBiodiversityAndEcosystems": null,
					"nonAlignedCapex": 92458.56,
					"nonEligibleCapex": 80192.21,
					"enablingCapex": 53666.92,
					"transitionalCapex": null
				}
			},
			"opex": {
				"opex": {
					"totalOpex": 32318.76,
					"eligibleOpex": 63454.66,
					"alignedOpex": 53126.01,
					"substantialContributionToClimateChangeMitigation": 87917.56,
					"substantialContributionToClimateChangeAdaptation": 40848.59,
					"substantialContributionToSustainableUseAndProtectionOfWaterAndMarineResources": null,
					"substantialContributionToTransitionToACircularEconomy": 77004.56,
					"substantialContributionToPollutionPreventionAndControl": 60993.87,
					"substantialContributionToProtectionAndRestorationOfBiodiversityAndEcosystems": 44213.46,
					"nonAlignedOpex": null,
					"nonEligibleOpex": 55104.45,
					"enablingOpex": 47317.78,
					"transitionalOpex": 78243.32
				}
			}
		},
		"reportingPeriod": "2023"
	},
	{
		"companyInformation": {
			"companyName": "Tromp, Mayert and Wolff",
			"headquarters": "Santa Barbara",
			"headquartersPostalCode": "91897-4245",
			"sector": null,
			"identifiers": {
				"Lei": [
					"yVofmPzvc4IbXdbqNR13"
				],
				"Isin": [
					"xIOA3KliqzRU"
				],
				"PermId": [
					"nofaUm5BAj"
				],
				"Ticker": [],
				"Duns": [
					"YsXDUfquR"
				],
				"VatNumber": [
					"RmY6K4XlL"
				],
				"CompanyRegistrationNumber": [
					"6HuCD7ucewuaLhr"
				]
			},
			"countryCode": "PA",
			"companyAlternativeNames": [],
			"companyLegalForm": "Limited Liability Partnership (LLP)",
			"website": "https://stable-atelier.info/",
			"isTeaserCompany": false
		},
		"t": {
			"general": {
				"general": {
					"reportingPeriod": "2024-09-24",
					"fiscalYearEnd": "2024-04-29",
					"euTaxonomyActivityLevelReporting": {
						"value": "No",
						"dataSource": {
							"fileName": "Policy",
							"fileReference": "50a36c418baffd520bb92d84664f06f9732a21f4e2e5ecee6d9136f16e7e0b63"
						}
					},
					"numberOfEmployees": 83716.41,
					"nfrdMandatory": "Yes"
				}
			},
			"revenue": {
				"revenue": {
					"totalRevenue": null,
					"eligibleRevenue": 10838.78,
					"alignedRevenue": 71269.47,
					"substantialContributionToClimateChangeMitigation": 99961.53,
					"substantialContributionToClimateChangeAdaptation": 11882.74,
					"substantialContributionToSustainableUseAndProtectionOfWaterAndMarineResources": 89082.9,
					"substantialContributionToTransitionToACircularEconomy": null,
					"substantialContributionToPollutionPreventionAndControl": null,
					"substantialContributionToProtectionAndRestorationOfBiodiversityAndEcosystems": 44329.6,
					"nonAlignedRevenue": 1982.84,
					"nonEligibleRevenue": 26952.56,
					"enablingRevenue": 71651.16,
					"transitionalRevenue": 71866.03
				}
			},
			"capex": {
				"capex": {
					"totalCapex": 25038.77,
					"eligibleCapex": 88177.44,
					"alignedCapex": null,
					"substantialContributionToClimateChangeMitigation": 70366.72,
					"substantialContributionToClimateChangeAdaptation": null,
					"substantialContributionToSustainableUseAndProtectionOfWaterAndMarineResources": 93743.69,
					"substantialContributionToTransitionToACircularEconomy": 69616.76,
					"substantialContributionToPollutionPreventionAndControl": 7815.85,
					"substantialContributionToProtectionAndRestorationOfBiodiversityAndEcosystems": 22870.54,
					"nonAlignedCapex": 53523.17,
					"nonEligibleCapex": 41941.17,
					"enablingCapex": null,
					"transitionalCapex": null
				}
			},
			"opex": {
				"opex": {
					"totalOpex": 91548.42,
					"eligibleOpex": 71676.46,
					"alignedOpex": null,
					"substantialContributionToClimateChangeMitigation": 1567.25,
					"substantialContributionToClimateChangeAdaptation": 2644.15,
					"substantialContributionToSustainableUseAndProtectionOfWaterAndMarineResources": 21593.74,
					"substantialContributionToTransitionToACircularEconomy": 23825.4,
					"substantialContributionToPollutionPreventionAndControl": 52236.93,
					"substantialContributionToProtectionAndRestorationOfBiodiversityAndEcosystems": null,
					"nonAlignedOpex": 90086.13,
					"nonEligibleOpex": 80555.66,
					"enablingOpex": null,
					"transitionalOpex": 79568.8
				}
			}
		},
		"reportingPeriod": "2022"
	},
	{
		"companyInformation": {
			"companyName": "Lehner, Grady and Herzog",
			"headquarters": "Gerlachland",
			"headquartersPostalCode": "11394-0227",
			"sector": "synergies",
			"identifiers": {
				"Lei": [],
				"Isin": [
					"ZhP0b0TTBSFh",
					"glhlmrQIn1Oz"
				],
				"PermId": [
					"9949h1TFOv"
				],
				"Ticker": [
					"LA7bJXn"
				],
				"Duns": [
					"ln6aSj4Y7"
				],
				"VatNumber": [],
				"CompanyRegistrationNumber": [
					"NmvWuNFNoAqa4iB"
				]
			},
			"countryCode": "BB",
			"companyAlternativeNames": [
				"Littel - Mraz"
			],
			"companyLegalForm": "Sole Trader",
			"website": "https://rowdy-pirate.com",
			"isTeaserCompany": false
		},
		"t": {
			"general": {
				"general": {
					"reportingPeriod": "2024-05-04",
					"fiscalYearEnd": "2024-09-21",
					"euTaxonomyActivityLevelReporting": {
						"value": "No",
						"dataSource": null
					},
					"numberOfEmployees": 45764.06,
					"nfrdMandatory": "No"
				}
			},
			"revenue": {
				"revenue": {
					"totalRevenue": 96324.62,
					"eligibleRevenue": 1548.02,
					"alignedRevenue": 18.15,
					"substantialContributionToClimateChangeMitigation": null,
					"substantialContributionToClimateChangeAdaptation": null,
					"substantialContributionToSustainableUseAndProtectionOfWaterAndMarineResources": null,
					"substantialContributionToTransitionToACircularEconomy": 21942.07,
					"substantialContributionToPollutionPreventionAndControl": 38497.94,
					"substantialContributionToProtectionAndRestorationOfBiodiversityAndEcosystems": 37612.81,
					"nonAlignedRevenue": 63103.81,
					"nonEligibleRevenue": 19495.73,
					"enablingRevenue": 41849.56,
					"transitionalRevenue": 54726.78
				}
			},
			"capex": {
				"capex": {
					"totalCapex": 20017.9,
					"eligibleCapex": 87036.43,
					"alignedCapex": null,
					"substantialContributionToClimateChangeMitigation": 82571.95,
					"substantialContributionToClimateChangeAdaptation": null,
					"substantialContributionToSustainableUseAndProtectionOfWaterAndMarineResources": 87772.64,
					"substantialContributionToTransitionToACircularEconomy": 4042.52,
					"substantialContributionToPollutionPreventionAndControl": 97683.07,
					"substantialContributionToProtectionAndRestorationOfBiodiversityAndEcosystems": 28085.49,
					"nonAlignedCapex": 10467.08,
					"nonEligibleCapex": 68182.13,
					"enablingCapex": 12535.53,
					"transitionalCapex": 11483.58
				}
			},
			"opex": {
				"opex": {
					"totalOpex": null,
					"eligibleOpex": 29110.95,
					"alignedOpex": 98659.8,
					"substantialContributionToClimateChangeMitigation": null,
					"substantialContributionToClimateChangeAdaptation": null,
					"substantialContributionToSustainableUseAndProtectionOfWaterAndMarineResources": 12608.87,
					"substantialContributionToTransitionToACircularEconomy": null,
					"substantialContributionToPollutionPreventionAndControl": 70876.64,
					"substantialContributionToProtectionAndRestorationOfBiodiversityAndEcosystems": null,
					"nonAlignedOpex": null,
					"nonEligibleOpex": 24329.31,
					"enablingOpex": 92549.59,
					"transitionalOpex": null
				}
			}
		},
		"reportingPeriod": "2023"
	},
	{
		"companyInformation": {
			"companyName": "Baumbach - Swaniawski",
			"headquarters": "West Carolbury",
			"headquartersPostalCode": null,
			"sector": "supply-chains",
			"identifiers": {
				"Lei": [],
				"Isin": [
					"2akdAGo8pytK"
				],
				"PermId": [],
				"Ticker": [
					"5ThZIz0"
				],
				"Duns": [
					"wBd1Nf0b6"
				],
				"VatNumber": [
					"44wuRGsOQ"
				],
				"CompanyRegistrationNumber": [
					"zdHGRWGEUUUcCG9"
				]
			},
			"countryCode": "SS",
			"companyAlternativeNames": [
				"Grimes, Torp and Treutel",
				"Moore and Sons"
			],
			"companyLegalForm": null,
			"website": "https://bowed-polo.name",
			"isTeaserCompany": false
		},
		"t": {
			"general": {
				"general": {
					"reportingPeriod": "2024-05-18",
					"fiscalYearEnd": "2024-12-27",
					"euTaxonomyActivityLevelReporting": {
						"value": "Yes",
						"dataSource": null
					},
					"numberOfEmployees": 8590.53,
					"nfrdMandatory": "Yes"
				}
			},
			"revenue": {
				"revenue": {
					"totalRevenue": null,
					"eligibleRevenue": 53956.81,
					"alignedRevenue": 81300.74,
					"substantialContributionToClimateChangeMitigation": 724,
					"substantialContributionToClimateChangeAdaptation": 74361.06,
					"substantialContributionToSustainableUseAndProtectionOfWaterAndMarineResources": 21330.44,
					"substantialContributionToTransitionToACircularEconomy": 66841.89,
					"substantialContributionToPollutionPreventionAndControl": 92442.91,
					"substantialContributionToProtectionAndRestorationOfBiodiversityAndEcosystems": 66157.86,
					"nonAlignedRevenue": 65568.57,
					"nonEligibleRevenue": 72917.18,
					"enablingRevenue": null,
					"transitionalRevenue": 8420.51
				}
			},
			"capex": {
				"capex": {
					"totalCapex": 1239.67,
					"eligibleCapex": 92076.87,
					"alignedCapex": null,
					"substantialContributionToClimateChangeMitigation": 44096.23,
					"substantialContributionToClimateChangeAdaptation": 17840.6,
					"substantialContributionToSustainableUseAndProtectionOfWaterAndMarineResources": 26864.85,
					"substantialContributionToTransitionToACircularEconomy": 24596.34,
					"substantialContributionToPollutionPreventionAndControl": 17965.81,
					"substantialContributionToProtectionAndRestorationOfBiodiversityAndEcosystems": 84113.43,
					"nonAlignedCapex": 64657.89,
					"nonEligibleCapex": 74789.48,
					"enablingCapex": 65537.42,
					"transitionalCapex": 55678.41
				}
			},
			"opex": {
				"opex": {
					"totalOpex": 36828.8,
					"eligibleOpex": 82213.7,
					"alignedOpex": null,
					"substantialContributionToClimateChangeMitigation": 80206.37,
					"substantialContributionToClimateChangeAdaptation": 52564.03,
					"substantialContributionToSustainableUseAndProtectionOfWaterAndMarineResources": 61227.53,
					"substantialContributionToTransitionToACircularEconomy": 72093.59,
					"substantialContributionToPollutionPreventionAndControl": 15869.41,
					"substantialContributionToProtectionAndRestorationOfBiodiversityAndEcosystems": 54067.99,
					"nonAlignedOpex": null,
					"nonEligibleOpex": 78280.38,
					"enablingOpex": 30871.3,
					"transitionalOpex": 12299.71
				}
			}
		},
		"reportingPeriod": "2023"
	},
	{
		"companyInformation": {
			"companyName": "Anderson - Erdman",
			"headquarters": "Levichester",
			"headquartersPostalCode": "77411-3413",
			"sector": null,
			"identifiers": {
				"Lei": [],
				"Isin": [
					"M2gjEGuLxhb7",
					"FTr50g23DU7L"
				],
				"PermId": [
					"d3A7xfeIO7"
				],
				"Ticker": [
					"TwJjmzo"
				],
				"Duns": [],
				"VatNumber": [],
				"CompanyRegistrationNumber": []
			},
			"countryCode": "TR",
			"companyAlternativeNames": [],
			"companyLegalForm": "GmbH & Co. KG",
			"website": "https://whole-right.org",
			"isTeaserCompany": false
		},
		"t": {
			"general": {
				"general": {
					"reportingPeriod": "2024-02-23",
					"fiscalYearEnd": "2024-10-02",
					"euTaxonomyActivityLevelReporting": {
						"value": "Yes",
						"dataSource": {
							"fileName": "Certification",
							"fileReference": "50a36c418baffd520bb92d84664f06f9732a21f4e2e5ecee6d9136f16e7e0b63"
						}
					},
					"numberOfEmployees": 48051.18,
					"nfrdMandatory": null
				}
			},
			"revenue": {
				"revenue": {
					"totalRevenue": 44359.07,
					"eligibleRevenue": 68948.01,
					"alignedRevenue": 66307.24,
					"substantialContributionToClimateChangeMitigation": null,
					"substantialContributionToClimateChangeAdaptation": 76654.93,
					"substantialContributionToSustainableUseAndProtectionOfWaterAndMarineResources": null,
					"substantialContributionToTransitionToACircularEconomy": 55324.62,
					"substantialContributionToPollutionPreventionAndControl": 43400.25,
					"substantialContributionToProtectionAndRestorationOfBiodiversityAndEcosystems": 80118.59,
					"nonAlignedRevenue": 43035.22,
					"nonEligibleRevenue": 72261.27,
					"enablingRevenue": 52439.05,
					"transitionalRevenue": null
				}
			},
			"capex": {
				"capex": {
					"totalCapex": 28451.57,
					"eligibleCapex": null,
					"alignedCapex": null,
					"substantialContributionToClimateChangeMitigation": 31332.37,
					"substantialContributionToClimateChangeAdaptation": null,
					"substantialContributionToSustainableUseAndProtectionOfWaterAndMarineResources": null,
					"substantialContributionToTransitionToACircularEconomy": 24511.46,
					"substantialContributionToPollutionPreventionAndControl": 67844.11,
					"substantialContributionToProtectionAndRestorationOfBiodiversityAndEcosystems": 27767.29,
					"nonAlignedCapex": 55453.05,
					"nonEligibleCapex": 58486.55,
					"enablingCapex": null,
					"transitionalCapex": 24539.08
				}
			},
			"opex": {
				"opex": {
					"totalOpex": 21343.48,
					"eligibleOpex": 35841.37,
					"alignedOpex": 3418.58,
					"substantialContributionToClimateChangeMitigation": 65612.78,
					"substantialContributionToClimateChangeAdaptation": 72784.97,
					"substantialContributionToSustainableUseAndProtectionOfWaterAndMarineResources": 22916.85,
					"substantialContributionToTransitionToACircularEconomy": 71436.37,
					"substantialContributionToPollutionPreventionAndControl": 20381.66,
					"substantialContributionToProtectionAndRestorationOfBiodiversityAndEcosystems": 77972.75,
					"nonAlignedOpex": null,
					"nonEligibleOpex": 85895.42,
					"enablingOpex": 48168.01,
					"transitionalOpex": null
				}
			}
		},
		"reportingPeriod": "2020"
	},
	{
		"companyInformation": {
			"companyName": "Borer - Kerluke",
			"headquarters": "Williamsonworth",
			"headquartersPostalCode": "35714-6395",
			"sector": "communities",
			"identifiers": {
				"Lei": [
					"CMQFijIcblZv5JtacVUc"
				],
				"Isin": [
					"YjKKEe99MSkV",
					"lV4gMXkI1JeV"
				],
				"PermId": [
					"pe7BucbY5z"
				],
				"Ticker": [
					"5x225pQ"
				],
				"Duns": [
					"OhLSWo3jI"
				],
				"VatNumber": [
					"YUH0PRGU4"
				],
				"CompanyRegistrationNumber": []
			},
			"countryCode": "WF",
			"companyAlternativeNames": [
				"Ernser, Conroy and Bernier",
				"Ward Group",
				"Weissnat, Price and King"
			],
			"companyLegalForm": "Sole Trader",
			"website": "https://greedy-brake.name",
			"isTeaserCompany": false
		},
		"t": {
			"general": {
				"general": {
					"reportingPeriod": "2024-09-13",
					"fiscalYearEnd": "2024-04-25",
					"euTaxonomyActivityLevelReporting": {
						"value": "Yes",
						"dataSource": {
							"fileName": "Certification",
							"fileReference": "50a36c418baffd520bb92d84664f06f9732a21f4e2e5ecee6d9136f16e7e0b63"
						}
					},
					"numberOfEmployees": 16611.07,
					"nfrdMandatory": "Yes"
				}
			},
			"revenue": {
				"revenue": {
					"totalRevenue": 34332.85,
					"eligibleRevenue": 3642.38,
					"alignedRevenue": null,
					"substantialContributionToClimateChangeMitigation": 49622.98,
					"substantialContributionToClimateChangeAdaptation": 50695.38,
					"substantialContributionToSustainableUseAndProtectionOfWaterAndMarineResources": 84881.21,
					"substantialContributionToTransitionToACircularEconomy": 77732.07,
					"substantialContributionToPollutionPreventionAndControl": 48039.41,
					"substantialContributionToProtectionAndRestorationOfBiodiversityAndEcosystems": 71094.52,
					"nonAlignedRevenue": 9230.68,
					"nonEligibleRevenue": 38895.93,
					"enablingRevenue": 39060.46,
					"transitionalRevenue": null
				}
			},
			"capex": {
				"capex": {
					"totalCapex": 6619.4,
					"eligibleCapex": 19829.34,
					"alignedCapex": null,
					"substantialContributionToClimateChangeMitigation": 87541.63,
					"substantialContributionToClimateChangeAdaptation": 48866.42,
					"substantialContributionToSustainableUseAndProtectionOfWaterAndMarineResources": 30285.19,
					"substantialContributionToTransitionToACircularEconomy": null,
					"substantialContributionToPollutionPreventionAndControl": 85482.08,
					"substantialContributionToProtectionAndRestorationOfBiodiversityAndEcosystems": 22100.56,
					"nonAlignedCapex": 29431.11,
					"nonEligibleCapex": 6122.58,
					"enablingCapex": null,
					"transitionalCapex": 5515.23
				}
			},
			"opex": {
				"opex": {
					"totalOpex": 15858.8,
					"eligibleOpex": 73266.63,
					"alignedOpex": 65969.08,
					"substantialContributionToClimateChangeMitigation": 22259.5,
					"substantialContributionToClimateChangeAdaptation": 17749.15,
					"substantialContributionToSustainableUseAndProtectionOfWaterAndMarineResources": 68539.81,
					"substantialContributionToTransitionToACircularEconomy": 15848.47,
					"substantialContributionToPollutionPreventionAndControl": null,
					"substantialContributionToProtectionAndRestorationOfBiodiversityAndEcosystems": 79723.92,
					"nonAlignedOpex": 54795.87,
					"nonEligibleOpex": 46632.62,
					"enablingOpex": 12432.38,
					"transitionalOpex": 14556.56
				}
			}
		},
		"reportingPeriod": "2020"
	},
	{
		"companyInformation": {
			"companyName": "Grant, Rath and Douglas",
			"headquarters": "Fort Anabel",
			"headquartersPostalCode": null,
			"sector": null,
			"identifiers": {
				"Lei": [],
				"Isin": [
					"3MQqZEFDMIMK"
				],
				"PermId": [
					"qXotYf4Xuf"
				],
				"Ticker": [
					"tYpGOlI"
				],
				"Duns": [],
				"VatNumber": [],
				"CompanyRegistrationNumber": []
			},
			"countryCode": "GH",
			"companyAlternativeNames": [
				"Weissnat - Satterfield"
			],
			"companyLegalForm": null,
			"website": null,
			"isTeaserCompany": false
		},
		"t": {
			"general": {
				"general": {
					"reportingPeriod": "2024-07-17",
					"fiscalYearEnd": "2024-08-29",
					"euTaxonomyActivityLevelReporting": null,
					"numberOfEmployees": 89805.55,
					"nfrdMandatory": "Yes"
				}
			},
			"revenue": {
				"revenue": {
					"totalRevenue": 69560.34,
					"eligibleRevenue": 75744.75,
					"alignedRevenue": 67542.65,
					"substantialContributionToClimateChangeMitigation": 94800.56,
					"substantialContributionToClimateChangeAdaptation": 23534.18,
					"substantialContributionToSustainableUseAndProtectionOfWaterAndMarineResources": 75748,
					"substantialContributionToTransitionToACircularEconomy": null,
					"substantialContributionToPollutionPreventionAndControl": 4042.32,
					"substantialContributionToProtectionAndRestorationOfBiodiversityAndEcosystems": null,
					"nonAlignedRevenue": 59785.61,
					"nonEligibleRevenue": 20226.1,
					"enablingRevenue": 46468.53,
					"transitionalRevenue": 17957.5
				}
			},
			"capex": {
				"capex": {
					"totalCapex": 95567.95,
					"eligibleCapex": 83371.22,
					"alignedCapex": 39279.57,
					"substantialContributionToClimateChangeMitigation": null,
					"substantialContributionToClimateChangeAdaptation": 43152.56,
					"substantialContributionToSustainableUseAndProtectionOfWaterAndMarineResources": 24036.97,
					"substantialContributionToTransitionToACircularEconomy": 48112.17,
					"substantialContributionToPollutionPreventionAndControl": 1767.04,
					"substantialContributionToProtectionAndRestorationOfBiodiversityAndEcosystems": 12754.09,
					"nonAlignedCapex": 87197.39,
					"nonEligibleCapex": 95788,
					"enablingCapex": 69898.64,
					"transitionalCapex": 88691.32
				}
			},
			"opex": {
				"opex": {
					"totalOpex": 23328.87,
					"eligibleOpex": 66100.6,
					"alignedOpex": 49157.42,
					"substantialContributionToClimateChangeMitigation": null,
					"substantialContributionToClimateChangeAdaptation": null,
					"substantialContributionToSustainableUseAndProtectionOfWaterAndMarineResources": null,
					"substantialContributionToTransitionToACircularEconomy": 94881.03,
					"substantialContributionToPollutionPreventionAndControl": 45463.37,
					"substantialContributionToProtectionAndRestorationOfBiodiversityAndEcosystems": 65508.06,
					"nonAlignedOpex": 74229.86,
					"nonEligibleOpex": null,
					"enablingOpex": 20249.61,
					"transitionalOpex": 61719.73
				}
			}
		},
		"reportingPeriod": "2023"
	},
	{
		"companyInformation": {
			"companyName": "Gulgowski LLC",
			"headquarters": "East Flavieton",
			"headquartersPostalCode": "18452-3178",
			"sector": null,
			"identifiers": {
				"Lei": [],
				"Isin": [
					"7wABuutWEZju",
					"pIxW5IdXB3Am"
				],
				"PermId": [],
				"Ticker": [
					"MOsjLj7"
				],
				"Duns": [
					"E6OMoYX9W"
				],
				"VatNumber": [],
				"CompanyRegistrationNumber": [
					"KwIS7E4RuZghLUw"
				]
			},
			"countryCode": "LK",
			"companyAlternativeNames": [
				"Rodriguez - Dare"
			],
			"companyLegalForm": "Public Limited Company (PLC)",
			"website": "https://squiggly-swell.info/",
			"isTeaserCompany": false
		},
		"t": {
			"general": {
				"general": {
					"reportingPeriod": "2024-06-10",
					"fiscalYearEnd": "2024-02-25",
					"euTaxonomyActivityLevelReporting": {
						"value": "Yes",
						"dataSource": {
							"fileName": "Policy",
							"fileReference": "50a36c418baffd520bb92d84664f06f9732a21f4e2e5ecee6d9136f16e7e0b63"
						}
					},
					"numberOfEmployees": null,
					"nfrdMandatory": "Yes"
				}
			},
			"revenue": {
				"revenue": {
					"totalRevenue": 86454.73,
					"eligibleRevenue": 45113.19,
					"alignedRevenue": 94152.81,
					"substantialContributionToClimateChangeMitigation": 18428.06,
					"substantialContributionToClimateChangeAdaptation": 61745.25,
					"substantialContributionToSustainableUseAndProtectionOfWaterAndMarineResources": 22925.54,
					"substantialContributionToTransitionToACircularEconomy": 64927.05,
					"substantialContributionToPollutionPreventionAndControl": 39638.42,
					"substantialContributionToProtectionAndRestorationOfBiodiversityAndEcosystems": 58732.26,
					"nonAlignedRevenue": null,
					"nonEligibleRevenue": 86108.48,
					"enablingRevenue": 42750.28,
					"transitionalRevenue": 26427.83
				}
			},
			"capex": {
				"capex": {
					"totalCapex": null,
					"eligibleCapex": 70727.34,
					"alignedCapex": null,
					"substantialContributionToClimateChangeMitigation": 63617.26,
					"substantialContributionToClimateChangeAdaptation": 91216.52,
					"substantialContributionToSustainableUseAndProtectionOfWaterAndMarineResources": 26161.7,
					"substantialContributionToTransitionToACircularEconomy": 12795.05,
					"substantialContributionToPollutionPreventionAndControl": null,
					"substantialContributionToProtectionAndRestorationOfBiodiversityAndEcosystems": 22796.08,
					"nonAlignedCapex": 92444.61,
					"nonEligibleCapex": 80095.3,
					"enablingCapex": 4838.46,
					"transitionalCapex": 65072.79
				}
			},
			"opex": {
				"opex": {
					"totalOpex": null,
					"eligibleOpex": 39140.4,
					"alignedOpex": 40141.05,
					"substantialContributionToClimateChangeMitigation": 97656.28,
					"substantialContributionToClimateChangeAdaptation": 56066.39,
					"substantialContributionToSustainableUseAndProtectionOfWaterAndMarineResources": null,
					"substantialContributionToTransitionToACircularEconomy": 97682.06,
					"substantialContributionToPollutionPreventionAndControl": 73464.06,
					"substantialContributionToProtectionAndRestorationOfBiodiversityAndEcosystems": 81819.18,
					"nonAlignedOpex": 84867.3,
					"nonEligibleOpex": 22871.24,
					"enablingOpex": 50436.13,
					"transitionalOpex": null
				}
			}
		},
		"reportingPeriod": "2022"
	},
	{
		"companyInformation": {
			"companyName": "Senger, Leuschke and Wiza",
			"headquarters": "D'Amoreville",
			"headquartersPostalCode": "01502-7333",
			"sector": null,
			"identifiers": {
				"Lei": [
					"76Rmb5BtJe48cTGAbwTU"
				],
				"Isin": [
					"TzODpirTraAN"
				],
				"PermId": [
					"VZ5q5XRGBl"
				],
				"Ticker": [
					"O5zGiVi"
				],
				"Duns": [
					"FlSVFbKcK"
				],
				"VatNumber": [
					"MX6HpZNI9"
				],
				"CompanyRegistrationNumber": [
					"qqnXaAVHpRejNVf"
				]
			},
			"countryCode": "WF",
			"companyAlternativeNames": [
				"Armstrong - Cartwright",
				"Murphy, Leffler and McClure",
				"Wyman Inc"
			],
			"companyLegalForm": "AG",
			"website": null,
			"isTeaserCompany": false
		},
		"t": {
			"general": {
				"general": {
					"reportingPeriod": "2024-04-07",
					"fiscalYearEnd": "2024-09-10",
					"euTaxonomyActivityLevelReporting": null,
					"numberOfEmployees": 14789.8,
					"nfrdMandatory": "No"
				}
			},
			"revenue": {
				"revenue": {
					"totalRevenue": 11888.77,
					"eligibleRevenue": null,
					"alignedRevenue": 10997.88,
					"substantialContributionToClimateChangeMitigation": 40242.88,
					"substantialContributionToClimateChangeAdaptation": null,
					"substantialContributionToSustainableUseAndProtectionOfWaterAndMarineResources": 75397.22,
					"substantialContributionToTransitionToACircularEconomy": null,
					"substantialContributionToPollutionPreventionAndControl": 93727.46,
					"substantialContributionToProtectionAndRestorationOfBiodiversityAndEcosystems": 59362.34,
					"nonAlignedRevenue": 67023.37,
					"nonEligibleRevenue": null,
					"enablingRevenue": null,
					"transitionalRevenue": 37397.94
				}
			},
			"capex": {
				"capex": {
					"totalCapex": 41030.48,
					"eligibleCapex": 14483.88,
					"alignedCapex": null,
					"substantialContributionToClimateChangeMitigation": 18648.7,
					"substantialContributionToClimateChangeAdaptation": 88459.6,
					"substantialContributionToSustainableUseAndProtectionOfWaterAndMarineResources": 86120.78,
					"substantialContributionToTransitionToACircularEconomy": 24187.71,
					"substantialContributionToPollutionPreventionAndControl": 8786.84,
					"substantialContributionToProtectionAndRestorationOfBiodiversityAndEcosystems": 42676.43,
					"nonAlignedCapex": 15535.74,
					"nonEligibleCapex": 33156.74,
					"enablingCapex": 40356.11,
					"transitionalCapex": 39444.34
				}
			},
			"opex": {
				"opex": {
					"totalOpex": 68748.89,
					"eligibleOpex": null,
					"alignedOpex": null,
					"substantialContributionToClimateChangeMitigation": null,
					"substantialContributionToClimateChangeAdaptation": null,
					"substantialContributionToSustainableUseAndProtectionOfWaterAndMarineResources": 2084.17,
					"substantialContributionToTransitionToACircularEconomy": 66718.63,
					"substantialContributionToPollutionPreventionAndControl": 61695.31,
					"substantialContributionToProtectionAndRestorationOfBiodiversityAndEcosystems": 31302.24,
					"nonAlignedOpex": 60783.56,
					"nonEligibleOpex": 13399.89,
					"enablingOpex": null,
					"transitionalOpex": 27383.12
				}
			}
		},
		"reportingPeriod": "2022"
	},
	{
		"companyInformation": {
			"companyName": "Green - Hodkiewicz",
			"headquarters": "Susannastead",
			"headquartersPostalCode": null,
			"sector": "niches",
			"identifiers": {
				"Lei": [],
				"Isin": [
					"sCnBg24JfOqm",
					"umxtTOtcCGO8"
				],
				"PermId": [
					"QaxwuQIvuw"
				],
				"Ticker": [
					"UrYMOoo"
				],
				"Duns": [],
				"VatNumber": [
					"E6FiNgqSG"
				],
				"CompanyRegistrationNumber": []
			},
			"countryCode": "BE",
			"companyAlternativeNames": [
				"Greenfelder, Tremblay and Yost"
			],
			"companyLegalForm": "Private Limited Company (Ltd)",
			"website": null,
			"isTeaserCompany": false
		},
		"t": {
			"general": {
				"general": {
					"reportingPeriod": "2024-07-23",
					"fiscalYearEnd": "2024-08-04",
					"euTaxonomyActivityLevelReporting": {
						"value": "Yes",
						"dataSource": {
							"fileName": "Certification",
							"fileReference": "50a36c418baffd520bb92d84664f06f9732a21f4e2e5ecee6d9136f16e7e0b63"
						}
					},
					"numberOfEmployees": 41401.57,
					"nfrdMandatory": "Yes"
				}
			},
			"revenue": {
				"revenue": {
					"totalRevenue": 35461.29,
					"eligibleRevenue": 28462.17,
					"alignedRevenue": 69702.1,
					"substantialContributionToClimateChangeMitigation": 96582.89,
					"substantialContributionToClimateChangeAdaptation": 24870.8,
					"substantialContributionToSustainableUseAndProtectionOfWaterAndMarineResources": 10674.25,
					"substantialContributionToTransitionToACircularEconomy": 84670.49,
					"substantialContributionToPollutionPreventionAndControl": 32061.01,
					"substantialContributionToProtectionAndRestorationOfBiodiversityAndEcosystems": 70168.51,
					"nonAlignedRevenue": 29095.32,
					"nonEligibleRevenue": 4578.64,
					"enablingRevenue": 59458.14,
					"transitionalRevenue": 44160.94
				}
			},
			"capex": {
				"capex": {
					"totalCapex": 41542.91,
					"eligibleCapex": null,
					"alignedCapex": 5806.01,
					"substantialContributionToClimateChangeMitigation": 8992.26,
					"substantialContributionToClimateChangeAdaptation": null,
					"substantialContributionToSustainableUseAndProtectionOfWaterAndMarineResources": null,
					"substantialContributionToTransitionToACircularEconomy": null,
					"substantialContributionToPollutionPreventionAndControl": null,
					"substantialContributionToProtectionAndRestorationOfBiodiversityAndEcosystems": 68900.35,
					"nonAlignedCapex": 30097.87,
					"nonEligibleCapex": 43803.32,
					"enablingCapex": 54795,
					"transitionalCapex": 5432.03
				}
			},
			"opex": {
				"opex": {
					"totalOpex": 92271.92,
					"eligibleOpex": null,
					"alignedOpex": 26653.41,
					"substantialContributionToClimateChangeMitigation": 27969.29,
					"substantialContributionToClimateChangeAdaptation": 17085.16,
					"substantialContributionToSustainableUseAndProtectionOfWaterAndMarineResources": null,
					"substantialContributionToTransitionToACircularEconomy": null,
					"substantialContributionToPollutionPreventionAndControl": 70654.23,
					"substantialContributionToProtectionAndRestorationOfBiodiversityAndEcosystems": 18051.88,
					"nonAlignedOpex": 38722.54,
					"nonEligibleOpex": 5393.56,
					"enablingOpex": 99088.76,
					"transitionalOpex": null
				}
			}
		},
		"reportingPeriod": "2020"
	},
	{
		"companyInformation": {
			"companyName": "Quitzon and Sons",
			"headquarters": "Abnertown",
			"headquartersPostalCode": "95997-4396",
			"sector": null,
			"identifiers": {
				"Lei": [
					"feOykyL3KzheUJmDHBdB"
				],
				"Isin": [
					"Hq9eOUsSccN8",
					"pVslJhywsQjD"
				],
				"PermId": [],
				"Ticker": [],
				"Duns": [
					"rcQMU9BWW"
				],
				"VatNumber": [],
				"CompanyRegistrationNumber": [
					"oPZk49mukuHxt51"
				]
			},
			"countryCode": "AL",
			"companyAlternativeNames": [],
			"companyLegalForm": "Private Limited Company (Ltd)",
			"website": null,
			"isTeaserCompany": false
		},
		"t": {
			"general": {
				"general": {
					"reportingPeriod": "2024-05-12",
					"fiscalYearEnd": "2024-07-29",
					"euTaxonomyActivityLevelReporting": {
						"value": "No",
						"dataSource": {
							"fileName": "Certification",
							"fileReference": "50a36c418baffd520bb92d84664f06f9732a21f4e2e5ecee6d9136f16e7e0b63"
						}
					},
					"numberOfEmployees": 51958.15,
					"nfrdMandatory": "No"
				}
			},
			"revenue": {
				"revenue": {
					"totalRevenue": 21119.38,
					"eligibleRevenue": 66085.58,
					"alignedRevenue": null,
					"substantialContributionToClimateChangeMitigation": 52330.19,
					"substantialContributionToClimateChangeAdaptation": 43620.43,
					"substantialContributionToSustainableUseAndProtectionOfWaterAndMarineResources": 48694.06,
					"substantialContributionToTransitionToACircularEconomy": 63234.36,
					"substantialContributionToPollutionPreventionAndControl": 18511.04,
					"substantialContributionToProtectionAndRestorationOfBiodiversityAndEcosystems": 9826.17,
					"nonAlignedRevenue": 47261.25,
					"nonEligibleRevenue": 8239.86,
					"enablingRevenue": 54011.1,
					"transitionalRevenue": 17216.74
				}
			},
			"capex": {
				"capex": {
					"totalCapex": 46401.61,
					"eligibleCapex": 3461.5,
					"alignedCapex": null,
					"substantialContributionToClimateChangeMitigation": 4848.45,
					"substantialContributionToClimateChangeAdaptation": null,
					"substantialContributionToSustainableUseAndProtectionOfWaterAndMarineResources": 8680.43,
					"substantialContributionToTransitionToACircularEconomy": 11897.75,
					"substantialContributionToPollutionPreventionAndControl": null,
					"substantialContributionToProtectionAndRestorationOfBiodiversityAndEcosystems": null,
					"nonAlignedCapex": null,
					"nonEligibleCapex": 4584.47,
					"enablingCapex": null,
					"transitionalCapex": 90995.51
				}
			},
			"opex": {
				"opex": {
					"totalOpex": 93809.84,
					"eligibleOpex": 16068.94,
					"alignedOpex": 61539.52,
					"substantialContributionToClimateChangeMitigation": 45473.94,
					"substantialContributionToClimateChangeAdaptation": 57675.34,
					"substantialContributionToSustainableUseAndProtectionOfWaterAndMarineResources": null,
					"substantialContributionToTransitionToACircularEconomy": 11326.36,
					"substantialContributionToPollutionPreventionAndControl": 68657.47,
					"substantialContributionToProtectionAndRestorationOfBiodiversityAndEcosystems": 49884.54,
					"nonAlignedOpex": 6206.04,
					"nonEligibleOpex": 67904.91,
					"enablingOpex": 66231.43,
					"transitionalOpex": 24686.53
				}
			}
		},
		"reportingPeriod": "2021"
	},
	{
		"companyInformation": {
			"companyName": "Frami, Quitzon and Schulist",
			"headquarters": "Effertzcester",
			"headquartersPostalCode": "68088-6802",
			"sector": "synergies",
			"identifiers": {
				"Lei": [
					"KdX83l2jQR4owvVdqMph"
				],
				"Isin": [
					"Xt9ZUYfoZ7OV"
				],
				"PermId": [],
				"Ticker": [],
				"Duns": [],
				"VatNumber": [
					"nq5dXK6me"
				],
				"CompanyRegistrationNumber": [
					"ZpKzWWOSk0zntlI"
				]
			},
			"countryCode": "BN",
			"companyAlternativeNames": [
				"Beier - Walsh",
				"Feeney and Sons",
				"Luettgen - Goldner",
				"Reinger Group"
			],
			"companyLegalForm": "Private Limited Company (Ltd)",
			"website": "https://tedious-bear.com",
			"isTeaserCompany": false
		},
		"t": {
			"general": {
				"general": {
					"reportingPeriod": "2024-09-18",
					"fiscalYearEnd": "2024-12-24",
					"euTaxonomyActivityLevelReporting": {
						"value": "Yes",
						"dataSource": {
							"fileName": "Certification",
							"fileReference": "50a36c418baffd520bb92d84664f06f9732a21f4e2e5ecee6d9136f16e7e0b63"
						}
					},
					"numberOfEmployees": 11221.58,
					"nfrdMandatory": "No"
				}
			},
			"revenue": {
				"revenue": {
					"totalRevenue": null,
					"eligibleRevenue": 75062.34,
					"alignedRevenue": 11110.74,
					"substantialContributionToClimateChangeMitigation": 53886.12,
					"substantialContributionToClimateChangeAdaptation": 57379.44,
					"substantialContributionToSustainableUseAndProtectionOfWaterAndMarineResources": null,
					"substantialContributionToTransitionToACircularEconomy": 16465.39,
					"substantialContributionToPollutionPreventionAndControl": 64225.03,
					"substantialContributionToProtectionAndRestorationOfBiodiversityAndEcosystems": 60665.72,
					"nonAlignedRevenue": 39221.01,
					"nonEligibleRevenue": 52425.17,
					"enablingRevenue": 89343.21,
					"transitionalRevenue": 67759.08
				}
			},
			"capex": {
				"capex": {
					"totalCapex": 84270.37,
					"eligibleCapex": 27429.4,
					"alignedCapex": null,
					"substantialContributionToClimateChangeMitigation": 83965.48,
					"substantialContributionToClimateChangeAdaptation": 96464.01,
					"substantialContributionToSustainableUseAndProtectionOfWaterAndMarineResources": 84814.16,
					"substantialContributionToTransitionToACircularEconomy": null,
					"substantialContributionToPollutionPreventionAndControl": 21667.54,
					"substantialContributionToProtectionAndRestorationOfBiodiversityAndEcosystems": 26015.52,
					"nonAlignedCapex": 59183.21,
					"nonEligibleCapex": 46422.43,
					"enablingCapex": 48409.3,
					"transitionalCapex": 10435.14
				}
			},
			"opex": {
				"opex": {
					"totalOpex": 55265.75,
					"eligibleOpex": 11381.88,
					"alignedOpex": null,
					"substantialContributionToClimateChangeMitigation": 90777.01,
					"substantialContributionToClimateChangeAdaptation": 84112.27,
					"substantialContributionToSustainableUseAndProtectionOfWaterAndMarineResources": 10211.01,
					"substantialContributionToTransitionToACircularEconomy": 61329.25,
					"substantialContributionToPollutionPreventionAndControl": null,
					"substantialContributionToProtectionAndRestorationOfBiodiversityAndEcosystems": 51157.09,
					"nonAlignedOpex": 74621.65,
					"nonEligibleOpex": 74296,
					"enablingOpex": 75590.99,
					"transitionalOpex": 5394.26
				}
			}
		},
		"reportingPeriod": "2023"
	},
	{
		"companyInformation": {
			"companyName": "Mante, Ernser and Nader",
			"headquarters": "New Gertrudeberg",
			"headquartersPostalCode": null,
			"sector": null,
			"identifiers": {
				"Lei": [],
				"Isin": [
					"uC1heWsvHCrP",
					"5or4k5Qkvjul"
				],
				"PermId": [
					"ZEDPLsZwYV"
				],
				"Ticker": [],
				"Duns": [],
				"VatNumber": [
					"gYJ721ZkV"
				],
				"CompanyRegistrationNumber": []
			},
			"countryCode": "LV",
			"companyAlternativeNames": [
				"Bailey Inc",
				"Fisher - Leannon",
				"Gorczany - Smith"
			],
			"companyLegalForm": "GmbH",
			"website": "https://stable-operation.name/",
			"isTeaserCompany": false
		},
		"t": {
			"general": {
				"general": {
					"reportingPeriod": "2024-06-14",
					"fiscalYearEnd": "2024-02-05",
					"euTaxonomyActivityLevelReporting": {
						"value": "Yes",
						"dataSource": null
					},
					"numberOfEmployees": null,
					"nfrdMandatory": null
				}
			},
			"revenue": {
				"revenue": {
					"totalRevenue": 56195.7,
					"eligibleRevenue": 33016.24,
					"alignedRevenue": 70344.31,
					"substantialContributionToClimateChangeMitigation": 92815.38,
					"substantialContributionToClimateChangeAdaptation": 81472.36,
					"substantialContributionToSustainableUseAndProtectionOfWaterAndMarineResources": 88363.98,
					"substantialContributionToTransitionToACircularEconomy": 48480.1,
					"substantialContributionToPollutionPreventionAndControl": 93686.13,
					"substantialContributionToProtectionAndRestorationOfBiodiversityAndEcosystems": 86749.06,
					"nonAlignedRevenue": 31471.63,
					"nonEligibleRevenue": 81659.23,
					"enablingRevenue": 21198.35,
					"transitionalRevenue": 52434.65
				}
			},
			"capex": {
				"capex": {
					"totalCapex": 55371.91,
					"eligibleCapex": null,
					"alignedCapex": 93843.96,
					"substantialContributionToClimateChangeMitigation": null,
					"substantialContributionToClimateChangeAdaptation": 87323.94,
					"substantialContributionToSustainableUseAndProtectionOfWaterAndMarineResources": null,
					"substantialContributionToTransitionToACircularEconomy": 79329.53,
					"substantialContributionToPollutionPreventionAndControl": 24350.33,
					"substantialContributionToProtectionAndRestorationOfBiodiversityAndEcosystems": 16796.48,
					"nonAlignedCapex": 93898.61,
					"nonEligibleCapex": 31568.38,
					"enablingCapex": 51732.65,
					"transitionalCapex": 89457.2
				}
			},
			"opex": {
				"opex": {
					"totalOpex": 72775.41,
					"eligibleOpex": 38610.49,
					"alignedOpex": 26523.04,
					"substantialContributionToClimateChangeMitigation": null,
					"substantialContributionToClimateChangeAdaptation": 79765.76,
					"substantialContributionToSustainableUseAndProtectionOfWaterAndMarineResources": null,
					"substantialContributionToTransitionToACircularEconomy": 44114.8,
					"substantialContributionToPollutionPreventionAndControl": 43773.5,
					"substantialContributionToProtectionAndRestorationOfBiodiversityAndEcosystems": 17159.32,
					"nonAlignedOpex": 3588.02,
					"nonEligibleOpex": null,
					"enablingOpex": 71767.67,
					"transitionalOpex": 7117.65
				}
			}
		},
		"reportingPeriod": "2022"
	},
	{
		"companyInformation": {
			"companyName": "Mohr - Upton",
			"headquarters": "New Jackie",
			"headquartersPostalCode": "21115-9774",
			"sector": "schemas",
			"identifiers": {
				"Lei": [
					"Tr1QQ6jQsoMToQcnPa8a"
				],
				"Isin": [
					"I3jLOiKO3tXY"
				],
				"PermId": [
					"bB0Ncn7Qmu"
				],
				"Ticker": [],
				"Duns": [],
				"VatNumber": [],
				"CompanyRegistrationNumber": []
			},
			"countryCode": "MZ",
			"companyAlternativeNames": [
				"Bernier, Koepp and Berge",
				"Nienow Inc"
			],
			"companyLegalForm": "GmbH & Co. KG",
			"website": "https://ignorant-shark.biz/",
			"isTeaserCompany": false
		},
		"t": {
			"general": {
				"general": {
					"reportingPeriod": "2024-04-18",
					"fiscalYearEnd": "2024-06-26",
					"euTaxonomyActivityLevelReporting": {
						"value": "Yes",
						"dataSource": {
							"fileName": "Certification",
							"fileReference": "50a36c418baffd520bb92d84664f06f9732a21f4e2e5ecee6d9136f16e7e0b63"
						}
					},
					"numberOfEmployees": 83571.94,
					"nfrdMandatory": "Yes"
				}
			},
			"revenue": {
				"revenue": {
					"totalRevenue": 12022.15,
					"eligibleRevenue": null,
					"alignedRevenue": 80853.97,
					"substantialContributionToClimateChangeMitigation": 37586.06,
					"substantialContributionToClimateChangeAdaptation": 7437.06,
					"substantialContributionToSustainableUseAndProtectionOfWaterAndMarineResources": 25192.09,
					"substantialContributionToTransitionToACircularEconomy": 25286.44,
					"substantialContributionToPollutionPreventionAndControl": 41682.61,
					"substantialContributionToProtectionAndRestorationOfBiodiversityAndEcosystems": null,
					"nonAlignedRevenue": 62668.9,
					"nonEligibleRevenue": 85630.7,
					"enablingRevenue": 41670.86,
					"transitionalRevenue": 23601.64
				}
			},
			"capex": {
				"capex": {
					"totalCapex": 99161.73,
					"eligibleCapex": 60050.56,
					"alignedCapex": null,
					"substantialContributionToClimateChangeMitigation": 97288.52,
					"substantialContributionToClimateChangeAdaptation": 38133.52,
					"substantialContributionToSustainableUseAndProtectionOfWaterAndMarineResources": null,
					"substantialContributionToTransitionToACircularEconomy": 49467.75,
					"substantialContributionToPollutionPreventionAndControl": 69529.15,
					"substantialContributionToProtectionAndRestorationOfBiodiversityAndEcosystems": 81935.65,
					"nonAlignedCapex": 51075.79,
					"nonEligibleCapex": 38828.65,
					"enablingCapex": 48993.5,
					"transitionalCapex": 90626.12
				}
			},
			"opex": {
				"opex": {
					"totalOpex": 47585.72,
					"eligibleOpex": 49611.22,
					"alignedOpex": 2437.83,
					"substantialContributionToClimateChangeMitigation": 71931.57,
					"substantialContributionToClimateChangeAdaptation": 82339.22,
					"substantialContributionToSustainableUseAndProtectionOfWaterAndMarineResources": 41083.4,
					"substantialContributionToTransitionToACircularEconomy": 70541.14,
					"substantialContributionToPollutionPreventionAndControl": 34214.92,
					"substantialContributionToProtectionAndRestorationOfBiodiversityAndEcosystems": 96080.93,
					"nonAlignedOpex": 2205.9,
					"nonEligibleOpex": 92140.34,
					"enablingOpex": 41479.45,
					"transitionalOpex": 31926.1
				}
			}
		},
		"reportingPeriod": "2021"
	},
	{
		"companyInformation": {
			"companyName": "Mann - Klocko",
			"headquarters": "Garrettown",
			"headquartersPostalCode": "29265",
			"sector": "mindshare",
			"identifiers": {
				"Lei": [
					"RHs2zNTeJdLPGB9EOrZt"
				],
				"Isin": [
					"Rzz3mSqqgn2m",
					"69l0tnLMyqmG"
				],
				"PermId": [
					"HXY2N9K9y7"
				],
				"Ticker": [
					"RAO5k5w"
				],
				"Duns": [
					"XAwQo36Oo"
				],
				"VatNumber": [
					"psrfcW6fo"
				],
				"CompanyRegistrationNumber": [
					"VcG7oBjBkM1vteV"
				]
			},
			"countryCode": "LK",
			"companyAlternativeNames": [
				"Altenwerth, Armstrong and Smith",
				"Lindgren Inc",
				"Reichel, Gorczany and Huel"
			],
			"companyLegalForm": "GmbH & Co. KG",
			"website": null,
			"isTeaserCompany": false
		},
		"t": {
			"general": {
				"general": {
					"reportingPeriod": "2024-04-15",
					"fiscalYearEnd": "2024-02-28",
					"euTaxonomyActivityLevelReporting": {
						"value": "No",
						"dataSource": null
					},
					"numberOfEmployees": 22428.46,
					"nfrdMandatory": "No"
				}
			},
			"revenue": {
				"revenue": {
					"totalRevenue": 25789.47,
					"eligibleRevenue": 18998.89,
					"alignedRevenue": 16373.59,
					"substantialContributionToClimateChangeMitigation": 75376.95,
					"substantialContributionToClimateChangeAdaptation": 16390.11,
					"substantialContributionToSustainableUseAndProtectionOfWaterAndMarineResources": null,
					"substantialContributionToTransitionToACircularEconomy": 58099.46,
					"substantialContributionToPollutionPreventionAndControl": 30539.64,
					"substantialContributionToProtectionAndRestorationOfBiodiversityAndEcosystems": 60191.34,
					"nonAlignedRevenue": null,
					"nonEligibleRevenue": null,
					"enablingRevenue": 97285.29,
					"transitionalRevenue": 11333.11
				}
			},
			"capex": {
				"capex": {
					"totalCapex": 70440.38,
					"eligibleCapex": 37699.24,
					"alignedCapex": 6473.59,
					"substantialContributionToClimateChangeMitigation": 96012.69,
					"substantialContributionToClimateChangeAdaptation": 17707.04,
					"substantialContributionToSustainableUseAndProtectionOfWaterAndMarineResources": 68385.64,
					"substantialContributionToTransitionToACircularEconomy": 3212.34,
					"substantialContributionToPollutionPreventionAndControl": 36587.47,
					"substantialContributionToProtectionAndRestorationOfBiodiversityAndEcosystems": 36351.03,
					"nonAlignedCapex": 42389.03,
					"nonEligibleCapex": 38940.2,
					"enablingCapex": 63152.34,
					"transitionalCapex": 76895.23
				}
			},
			"opex": {
				"opex": {
					"totalOpex": 43454.86,
					"eligibleOpex": 40596.54,
					"alignedOpex": 13668.8,
					"substantialContributionToClimateChangeMitigation": 64742.35,
					"substantialContributionToClimateChangeAdaptation": null,
					"substantialContributionToSustainableUseAndProtectionOfWaterAndMarineResources": 28161.88,
					"substantialContributionToTransitionToACircularEconomy": 67446.55,
					"substantialContributionToPollutionPreventionAndControl": 64610.98,
					"substantialContributionToProtectionAndRestorationOfBiodiversityAndEcosystems": 59320.99,
					"nonAlignedOpex": 42028.19,
					"nonEligibleOpex": 65129.78,
					"enablingOpex": 25984.07,
					"transitionalOpex": 47321.42
				}
			}
		},
		"reportingPeriod": "2023"
	},
	{
		"companyInformation": {
			"companyName": "Bradtke - Keebler",
			"headquarters": "North Kaylinton",
			"headquartersPostalCode": "15979-5427",
			"sector": "blockchains",
			"identifiers": {
				"Lei": [],
				"Isin": [
					"zoT7sqJ2HdSU",
					"Db6apbsSIdIy"
				],
				"PermId": [
					"hS6JRfgrqi"
				],
				"Ticker": [],
				"Duns": [],
				"VatNumber": [
					"c5fWaZ9rV"
				],
				"CompanyRegistrationNumber": [
					"heLVKYA6nx2Roxa"
				]
			},
			"countryCode": "GF",
			"companyAlternativeNames": [
				"Berge, Upton and McKenzie",
				"Quitzon, Gislason and Rippin",
				"Wuckert - Zemlak",
				"Yundt LLC"
			],
			"companyLegalForm": "Partnership without Limited Liability",
			"website": "https://svelte-palm.info/",
			"isTeaserCompany": false
		},
		"t": {
			"general": {
				"general": {
					"reportingPeriod": "2024-07-16",
					"fiscalYearEnd": "2024-04-29",
					"euTaxonomyActivityLevelReporting": {
						"value": "Yes",
						"dataSource": {
							"fileName": "Certification",
							"fileReference": "50a36c418baffd520bb92d84664f06f9732a21f4e2e5ecee6d9136f16e7e0b63"
						}
					},
					"numberOfEmployees": 70559.32,
					"nfrdMandatory": "Yes"
				}
			},
			"revenue": {
				"revenue": {
					"totalRevenue": 98017.72,
					"eligibleRevenue": 31231.99,
					"alignedRevenue": 77540.82,
					"substantialContributionToClimateChangeMitigation": 26271.94,
					"substantialContributionToClimateChangeAdaptation": 55509.3,
					"substantialContributionToSustainableUseAndProtectionOfWaterAndMarineResources": 59129.03,
					"substantialContributionToTransitionToACircularEconomy": 74443.19,
					"substantialContributionToPollutionPreventionAndControl": 36196.69,
					"substantialContributionToProtectionAndRestorationOfBiodiversityAndEcosystems": null,
					"nonAlignedRevenue": 59895.49,
					"nonEligibleRevenue": 26774.26,
					"enablingRevenue": 10429.43,
					"transitionalRevenue": 67551.13
				}
			},
			"capex": {
				"capex": {
					"totalCapex": 79989.39,
					"eligibleCapex": null,
					"alignedCapex": 96886.15,
					"substantialContributionToClimateChangeMitigation": 53972.09,
					"substantialContributionToClimateChangeAdaptation": 5165.09,
					"substantialContributionToSustainableUseAndProtectionOfWaterAndMarineResources": null,
					"substantialContributionToTransitionToACircularEconomy": 39867.2,
					"substantialContributionToPollutionPreventionAndControl": 11369.48,
					"substantialContributionToProtectionAndRestorationOfBiodiversityAndEcosystems": null,
					"nonAlignedCapex": 49978.95,
					"nonEligibleCapex": null,
					"enablingCapex": 82438.86,
					"transitionalCapex": 17726.19
				}
			},
			"opex": {
				"opex": {
					"totalOpex": 76237.01,
					"eligibleOpex": 47059.91,
					"alignedOpex": 59598.78,
					"substantialContributionToClimateChangeMitigation": 27229.13,
					"substantialContributionToClimateChangeAdaptation": 32949.45,
					"substantialContributionToSustainableUseAndProtectionOfWaterAndMarineResources": null,
					"substantialContributionToTransitionToACircularEconomy": null,
					"substantialContributionToPollutionPreventionAndControl": 46637.24,
					"substantialContributionToProtectionAndRestorationOfBiodiversityAndEcosystems": null,
					"nonAlignedOpex": null,
					"nonEligibleOpex": 24387.1,
					"enablingOpex": 88385.57,
					"transitionalOpex": null
				}
			}
		},
		"reportingPeriod": "2021"
	},
	{
		"companyInformation": {
			"companyName": "Marks - Halvorson",
			"headquarters": "Port Eliseburgh",
			"headquartersPostalCode": "24596-5146",
			"sector": "content",
			"identifiers": {
				"Lei": [
					"JcblHykUxb6SbLuU91pc"
				],
				"Isin": [
					"4AylTy1Daw2C"
				],
				"PermId": [],
				"Ticker": [],
				"Duns": [],
				"VatNumber": [],
				"CompanyRegistrationNumber": []
			},
			"countryCode": "AT",
			"companyAlternativeNames": [
				"Hamill and Sons",
				"Nienow, Kirlin and O'Conner"
			],
			"companyLegalForm": "AG",
			"website": "https://normal-major-league.net",
			"isTeaserCompany": false
		},
		"t": {
			"general": {
				"general": {
					"reportingPeriod": "2025-01-15",
					"fiscalYearEnd": "2024-11-30",
					"euTaxonomyActivityLevelReporting": {
						"value": "Yes",
						"dataSource": null
					},
					"numberOfEmployees": 78528.01,
					"nfrdMandatory": "No"
				}
			},
			"revenue": {
				"revenue": {
					"totalRevenue": 51628.97,
					"eligibleRevenue": null,
					"alignedRevenue": 46153.38,
					"substantialContributionToClimateChangeMitigation": null,
					"substantialContributionToClimateChangeAdaptation": 77619.23,
					"substantialContributionToSustainableUseAndProtectionOfWaterAndMarineResources": null,
					"substantialContributionToTransitionToACircularEconomy": 25932.58,
					"substantialContributionToPollutionPreventionAndControl": null,
					"substantialContributionToProtectionAndRestorationOfBiodiversityAndEcosystems": 34386.81,
					"nonAlignedRevenue": 97407.81,
					"nonEligibleRevenue": null,
					"enablingRevenue": 91855.67,
					"transitionalRevenue": 44694.88
				}
			},
			"capex": {
				"capex": {
					"totalCapex": 20056.66,
					"eligibleCapex": null,
					"alignedCapex": 27718.93,
					"substantialContributionToClimateChangeMitigation": 22422.75,
					"substantialContributionToClimateChangeAdaptation": 77774.46,
					"substantialContributionToSustainableUseAndProtectionOfWaterAndMarineResources": 49104.29,
					"substantialContributionToTransitionToACircularEconomy": 37124.17,
					"substantialContributionToPollutionPreventionAndControl": 61149.39,
					"substantialContributionToProtectionAndRestorationOfBiodiversityAndEcosystems": 58378.19,
					"nonAlignedCapex": null,
					"nonEligibleCapex": 79536.8,
					"enablingCapex": null,
					"transitionalCapex": 17000.2
				}
			},
			"opex": {
				"opex": {
					"totalOpex": 81713.08,
					"eligibleOpex": 53684.92,
					"alignedOpex": 62503.08,
					"substantialContributionToClimateChangeMitigation": 24316.76,
					"substantialContributionToClimateChangeAdaptation": 89990.75,
					"substantialContributionToSustainableUseAndProtectionOfWaterAndMarineResources": 52655.24,
					"substantialContributionToTransitionToACircularEconomy": 83711.45,
					"substantialContributionToPollutionPreventionAndControl": null,
					"substantialContributionToProtectionAndRestorationOfBiodiversityAndEcosystems": 77466.87,
					"nonAlignedOpex": 92572.83,
					"nonEligibleOpex": null,
					"enablingOpex": 31784.43,
					"transitionalOpex": 86786.34
				}
			}
		},
		"reportingPeriod": "2021"
	},
	{
		"companyInformation": {
			"companyName": "Beer - Hammes",
			"headquarters": "Breannaboro",
			"headquartersPostalCode": "37371",
			"sector": "blockchains",
			"identifiers": {
				"Lei": [],
				"Isin": [
					"9sHUHYGfS0Li",
					"z3qCQihiaXqh"
				],
				"PermId": [
					"mxbVHNMGGf"
				],
				"Ticker": [],
				"Duns": [],
				"VatNumber": [],
				"CompanyRegistrationNumber": []
			},
			"countryCode": "FM",
			"companyAlternativeNames": [
				"Kunde and Sons",
				"Medhurst - Reichert",
				"Reichert Inc",
				"Torphy, Pfannerstill and Witting"
			],
			"companyLegalForm": "Public Limited Company (PLC)",
			"website": "https://thorough-causal.com/",
			"isTeaserCompany": false
		},
		"t": {
			"general": {
				"general": {
					"reportingPeriod": "2024-10-20",
					"fiscalYearEnd": "2024-07-12",
					"euTaxonomyActivityLevelReporting": {
						"value": "No",
						"dataSource": {
							"fileName": "Certification",
							"fileReference": "50a36c418baffd520bb92d84664f06f9732a21f4e2e5ecee6d9136f16e7e0b63"
						}
					},
					"numberOfEmployees": null,
					"nfrdMandatory": "Yes"
				}
			},
			"revenue": {
				"revenue": {
					"totalRevenue": 3741.23,
					"eligibleRevenue": 73253.28,
					"alignedRevenue": 46260.42,
					"substantialContributionToClimateChangeMitigation": 7203.43,
					"substantialContributionToClimateChangeAdaptation": 3734.86,
					"substantialContributionToSustainableUseAndProtectionOfWaterAndMarineResources": 13041.11,
					"substantialContributionToTransitionToACircularEconomy": 21704.94,
					"substantialContributionToPollutionPreventionAndControl": 57322.42,
					"substantialContributionToProtectionAndRestorationOfBiodiversityAndEcosystems": null,
					"nonAlignedRevenue": 32939.08,
					"nonEligibleRevenue": null,
					"enablingRevenue": 92801.54,
					"transitionalRevenue": null
				}
			},
			"capex": {
				"capex": {
					"totalCapex": 72193.52,
					"eligibleCapex": 66377.02,
					"alignedCapex": 26745.61,
					"substantialContributionToClimateChangeMitigation": null,
					"substantialContributionToClimateChangeAdaptation": 35191.14,
					"substantialContributionToSustainableUseAndProtectionOfWaterAndMarineResources": 66935.04,
					"substantialContributionToTransitionToACircularEconomy": 65076.1,
					"substantialContributionToPollutionPreventionAndControl": 87491.86,
					"substantialContributionToProtectionAndRestorationOfBiodiversityAndEcosystems": 28078.31,
					"nonAlignedCapex": 33184.64,
					"nonEligibleCapex": 76989.61,
					"enablingCapex": 50444.15,
					"transitionalCapex": 96836.54
				}
			},
			"opex": {
				"opex": {
					"totalOpex": 26444.21,
					"eligibleOpex": 94334.59,
					"alignedOpex": 30500.97,
					"substantialContributionToClimateChangeMitigation": 38645.54,
					"substantialContributionToClimateChangeAdaptation": null,
					"substantialContributionToSustainableUseAndProtectionOfWaterAndMarineResources": null,
					"substantialContributionToTransitionToACircularEconomy": 36801.97,
					"substantialContributionToPollutionPreventionAndControl": 69958.99,
					"substantialContributionToProtectionAndRestorationOfBiodiversityAndEcosystems": 1830.39,
					"nonAlignedOpex": 39294.17,
					"nonEligibleOpex": 84393.81,
					"enablingOpex": 67315.77,
					"transitionalOpex": 69279.63
				}
			}
		},
		"reportingPeriod": "2023"
	},
	{
		"companyInformation": {
			"companyName": "Gusikowski - Weimann",
			"headquarters": "Fort Aliviaville",
			"headquartersPostalCode": "66303-5873",
			"sector": "relationships",
			"identifiers": {
				"Lei": [],
				"Isin": [
					"XKV4VSbQZPJA",
					"fZMSX7LMMdmx"
				],
				"PermId": [],
				"Ticker": [],
				"Duns": [],
				"VatNumber": [
					"j7fhPrNz4"
				],
				"CompanyRegistrationNumber": []
			},
			"countryCode": "BB",
			"companyAlternativeNames": [
				"Dooley Inc"
			],
			"companyLegalForm": null,
			"website": "https://brown-fratricide.info/",
			"isTeaserCompany": false
		},
		"t": {
			"general": {
				"general": {
					"reportingPeriod": "2024-03-28",
					"fiscalYearEnd": "2024-12-19",
					"euTaxonomyActivityLevelReporting": null,
					"numberOfEmployees": 20486.58,
					"nfrdMandatory": "Yes"
				}
			},
			"revenue": {
				"revenue": {
					"totalRevenue": 94208.35,
					"eligibleRevenue": 45314.4,
					"alignedRevenue": 40868.21,
					"substantialContributionToClimateChangeMitigation": 72729.93,
					"substantialContributionToClimateChangeAdaptation": 78314.73,
					"substantialContributionToSustainableUseAndProtectionOfWaterAndMarineResources": 93217.83,
					"substantialContributionToTransitionToACircularEconomy": 57342.53,
					"substantialContributionToPollutionPreventionAndControl": 8094.42,
					"substantialContributionToProtectionAndRestorationOfBiodiversityAndEcosystems": 60138.97,
					"nonAlignedRevenue": 85483.01,
					"nonEligibleRevenue": 62736.37,
					"enablingRevenue": 3561.2,
					"transitionalRevenue": null
				}
			},
			"capex": {
				"capex": {
					"totalCapex": null,
					"eligibleCapex": 85390.03,
					"alignedCapex": 41792,
					"substantialContributionToClimateChangeMitigation": 32870.66,
					"substantialContributionToClimateChangeAdaptation": 98189.1,
					"substantialContributionToSustainableUseAndProtectionOfWaterAndMarineResources": 30160.6,
					"substantialContributionToTransitionToACircularEconomy": 90934.06,
					"substantialContributionToPollutionPreventionAndControl": 7253.7,
					"substantialContributionToProtectionAndRestorationOfBiodiversityAndEcosystems": null,
					"nonAlignedCapex": 85604.35,
					"nonEligibleCapex": 40866.51,
					"enablingCapex": null,
					"transitionalCapex": 18633.64
				}
			},
			"opex": {
				"opex": {
					"totalOpex": 43593.21,
					"eligibleOpex": 45967.34,
					"alignedOpex": 56486.78,
					"substantialContributionToClimateChangeMitigation": 16635.73,
					"substantialContributionToClimateChangeAdaptation": 41389.57,
					"substantialContributionToSustainableUseAndProtectionOfWaterAndMarineResources": 12218.47,
					"substantialContributionToTransitionToACircularEconomy": 30970.3,
					"substantialContributionToPollutionPreventionAndControl": 4188,
					"substantialContributionToProtectionAndRestorationOfBiodiversityAndEcosystems": 61225.63,
					"nonAlignedOpex": 81636.85,
					"nonEligibleOpex": 68109.56,
					"enablingOpex": 10353.84,
					"transitionalOpex": 57151.86
				}
			}
		},
		"reportingPeriod": "2022"
	},
	{
		"companyInformation": {
			"companyName": "Schultz Inc",
			"headquarters": "Palo Alto",
			"headquartersPostalCode": "53065",
			"sector": "technologies",
			"identifiers": {
				"Lei": [
					"jJ6c6imcLIwoDWnFYuVB"
				],
				"Isin": [
					"dF3Sp6eYYWJ5",
					"Jdsa94AQFvZW"
				],
				"PermId": [
					"MAS6OgdKmj"
				],
				"Ticker": [
					"Zl92BLW"
				],
				"Duns": [],
				"VatNumber": [
					"pwAwUHiIk"
				],
				"CompanyRegistrationNumber": []
			},
			"countryCode": "MA",
			"companyAlternativeNames": [
				"Aufderhar - Yundt",
				"Ondricka, Johns and Pollich",
				"Sanford - Hills"
			],
			"companyLegalForm": null,
			"website": "https://chilly-rhythm.biz",
			"isTeaserCompany": false
		},
		"t": {
			"general": {
				"general": {
					"reportingPeriod": "2024-10-22",
					"fiscalYearEnd": "2024-07-12",
					"euTaxonomyActivityLevelReporting": {
						"value": "No",
						"dataSource": {
							"fileName": "Policy",
							"fileReference": "50a36c418baffd520bb92d84664f06f9732a21f4e2e5ecee6d9136f16e7e0b63"
						}
					},
					"numberOfEmployees": 41291.24,
					"nfrdMandatory": "No"
				}
			},
			"revenue": {
				"revenue": {
					"totalRevenue": 97562.38,
					"eligibleRevenue": 85233.66,
					"alignedRevenue": 84787.49,
					"substantialContributionToClimateChangeMitigation": 14976.13,
					"substantialContributionToClimateChangeAdaptation": 23857.82,
					"substantialContributionToSustainableUseAndProtectionOfWaterAndMarineResources": 89808.35,
					"substantialContributionToTransitionToACircularEconomy": 75980.97,
					"substantialContributionToPollutionPreventionAndControl": 9332.44,
					"substantialContributionToProtectionAndRestorationOfBiodiversityAndEcosystems": 66561.92,
					"nonAlignedRevenue": 27791.59,
					"nonEligibleRevenue": null,
					"enablingRevenue": null,
					"transitionalRevenue": 41189.98
				}
			},
			"capex": {
				"capex": {
					"totalCapex": 92185.08,
					"eligibleCapex": 62014.21,
					"alignedCapex": 24902.57,
					"substantialContributionToClimateChangeMitigation": 60330.08,
					"substantialContributionToClimateChangeAdaptation": 48898.53,
					"substantialContributionToSustainableUseAndProtectionOfWaterAndMarineResources": 78377.22,
					"substantialContributionToTransitionToACircularEconomy": null,
					"substantialContributionToPollutionPreventionAndControl": 46966.34,
					"substantialContributionToProtectionAndRestorationOfBiodiversityAndEcosystems": 94384.75,
					"nonAlignedCapex": 30586.79,
					"nonEligibleCapex": 54221.64,
					"enablingCapex": 70525.98,
					"transitionalCapex": 10385.83
				}
			},
			"opex": {
				"opex": {
					"totalOpex": null,
					"eligibleOpex": 43288.93,
					"alignedOpex": null,
					"substantialContributionToClimateChangeMitigation": 19647.77,
					"substantialContributionToClimateChangeAdaptation": 91562.87,
					"substantialContributionToSustainableUseAndProtectionOfWaterAndMarineResources": 63189.23,
					"substantialContributionToTransitionToACircularEconomy": 73695.87,
					"substantialContributionToPollutionPreventionAndControl": 24126.31,
					"substantialContributionToProtectionAndRestorationOfBiodiversityAndEcosystems": 43103.7,
					"nonAlignedOpex": 69455.89,
					"nonEligibleOpex": 41557.01,
					"enablingOpex": 25491.35,
					"transitionalOpex": 74577.42
				}
			}
		},
		"reportingPeriod": "2022"
	},
	{
		"companyInformation": {
			"companyName": "Carter Inc",
			"headquarters": "Plantation",
			"headquartersPostalCode": "37857",
			"sector": "platforms",
			"identifiers": {
				"Lei": [
					"bi33xUlutn1n8P9h8T1G"
				],
				"Isin": [
					"5un6qpL1k87C",
					"F7YTEMZZnpii"
				],
				"PermId": [],
				"Ticker": [],
				"Duns": [],
				"VatNumber": [
					"yERhUd6S2"
				],
				"CompanyRegistrationNumber": [
					"0juwciz368XHPPB"
				]
			},
			"countryCode": "SX",
			"companyAlternativeNames": [
				"Gulgowski Inc",
				"Heathcote LLC",
				"Huels, Wilkinson and Halvorson",
				"Parker, O'Reilly and Runolfsson"
			],
			"companyLegalForm": "Limited Liability Partnership (LLP)",
			"website": "https://well-lit-fault.name",
			"isTeaserCompany": false
		},
		"t": {
			"general": {
				"general": {
					"reportingPeriod": "2024-05-28",
					"fiscalYearEnd": "2025-01-03",
					"euTaxonomyActivityLevelReporting": {
						"value": "No",
						"dataSource": {
							"fileName": "Certification",
							"fileReference": "50a36c418baffd520bb92d84664f06f9732a21f4e2e5ecee6d9136f16e7e0b63"
						}
					},
					"numberOfEmployees": 71494.51,
					"nfrdMandatory": "No"
				}
			},
			"revenue": {
				"revenue": {
					"totalRevenue": 52163.93,
					"eligibleRevenue": 82016.34,
					"alignedRevenue": 8951.81,
					"substantialContributionToClimateChangeMitigation": 11633.41,
					"substantialContributionToClimateChangeAdaptation": 54489.59,
					"substantialContributionToSustainableUseAndProtectionOfWaterAndMarineResources": 77203.64,
					"substantialContributionToTransitionToACircularEconomy": 6829.2,
					"substantialContributionToPollutionPreventionAndControl": 73648.56,
					"substantialContributionToProtectionAndRestorationOfBiodiversityAndEcosystems": 79324.64,
					"nonAlignedRevenue": 79827.16,
					"nonEligibleRevenue": null,
					"enablingRevenue": 54791.94,
					"transitionalRevenue": 95500.38
				}
			},
			"capex": {
				"capex": {
					"totalCapex": 9111.85,
					"eligibleCapex": 14994.56,
					"alignedCapex": 11904.98,
					"substantialContributionToClimateChangeMitigation": 4748.08,
					"substantialContributionToClimateChangeAdaptation": 45559.87,
					"substantialContributionToSustainableUseAndProtectionOfWaterAndMarineResources": 29719.49,
					"substantialContributionToTransitionToACircularEconomy": null,
					"substantialContributionToPollutionPreventionAndControl": 16316.51,
					"substantialContributionToProtectionAndRestorationOfBiodiversityAndEcosystems": 35079.38,
					"nonAlignedCapex": null,
					"nonEligibleCapex": 44030.81,
					"enablingCapex": null,
					"transitionalCapex": 30933.46
				}
			},
			"opex": {
				"opex": {
					"totalOpex": 57693.91,
					"eligibleOpex": 89659.82,
					"alignedOpex": 68029.17,
					"substantialContributionToClimateChangeMitigation": null,
					"substantialContributionToClimateChangeAdaptation": 27436.98,
					"substantialContributionToSustainableUseAndProtectionOfWaterAndMarineResources": 9409.82,
					"substantialContributionToTransitionToACircularEconomy": 94876.85,
					"substantialContributionToPollutionPreventionAndControl": null,
					"substantialContributionToProtectionAndRestorationOfBiodiversityAndEcosystems": 84437.24,
					"nonAlignedOpex": null,
					"nonEligibleOpex": null,
					"enablingOpex": 99465.37,
					"transitionalOpex": 66292.52
				}
			}
		},
		"reportingPeriod": "2023"
	},
	{
		"companyInformation": {
			"companyName": "Graham - O'Connell",
			"headquarters": "Lake Berniece",
			"headquartersPostalCode": "71947",
			"sector": "communities",
			"identifiers": {
				"Lei": [
					"HHrGwKKEf7SgyBIguX4T"
				],
				"Isin": [
					"0P1ixWONXn8s"
				],
				"PermId": [
					"RjkP096Ys9"
				],
				"Ticker": [
					"s2jCl5n"
				],
				"Duns": [],
				"VatNumber": [],
				"CompanyRegistrationNumber": [
					"jzf7cgPpTcCkwqm"
				]
			},
			"countryCode": "AT",
			"companyAlternativeNames": [],
			"companyLegalForm": "Limited Liability Partnership (LLP)",
			"website": "https://weepy-oat.com/",
			"isTeaserCompany": false
		},
		"t": {
			"general": {
				"general": {
					"reportingPeriod": "2024-08-31",
					"fiscalYearEnd": "2024-09-18",
					"euTaxonomyActivityLevelReporting": {
						"value": "Yes",
						"dataSource": {
							"fileName": "Certification",
							"fileReference": "50a36c418baffd520bb92d84664f06f9732a21f4e2e5ecee6d9136f16e7e0b63"
						}
					},
					"numberOfEmployees": 93944.77,
					"nfrdMandatory": "No"
				}
			},
			"revenue": {
				"revenue": {
					"totalRevenue": null,
					"eligibleRevenue": 82242.6,
					"alignedRevenue": 58006.71,
					"substantialContributionToClimateChangeMitigation": null,
					"substantialContributionToClimateChangeAdaptation": null,
					"substantialContributionToSustainableUseAndProtectionOfWaterAndMarineResources": 14619.28,
					"substantialContributionToTransitionToACircularEconomy": 56817.22,
					"substantialContributionToPollutionPreventionAndControl": 19592.33,
					"substantialContributionToProtectionAndRestorationOfBiodiversityAndEcosystems": 28240.22,
					"nonAlignedRevenue": 30048.71,
					"nonEligibleRevenue": 86840.97,
					"enablingRevenue": 2847.42,
					"transitionalRevenue": 65455.32
				}
			},
			"capex": {
				"capex": {
					"totalCapex": 95825.53,
					"eligibleCapex": 77212.82,
					"alignedCapex": null,
					"substantialContributionToClimateChangeMitigation": 93468.16,
					"substantialContributionToClimateChangeAdaptation": null,
					"substantialContributionToSustainableUseAndProtectionOfWaterAndMarineResources": 54388.33,
					"substantialContributionToTransitionToACircularEconomy": 14292.59,
					"substantialContributionToPollutionPreventionAndControl": 14115.7,
					"substantialContributionToProtectionAndRestorationOfBiodiversityAndEcosystems": 32497.23,
					"nonAlignedCapex": null,
					"nonEligibleCapex": 44437.23,
					"enablingCapex": 85010.43,
					"transitionalCapex": 60659.68
				}
			},
			"opex": {
				"opex": {
					"totalOpex": 74010.42,
					"eligibleOpex": null,
					"alignedOpex": 59106.09,
					"substantialContributionToClimateChangeMitigation": 76699.32,
					"substantialContributionToClimateChangeAdaptation": 39707.75,
					"substantialContributionToSustainableUseAndProtectionOfWaterAndMarineResources": 11362.95,
					"substantialContributionToTransitionToACircularEconomy": 85142.87,
					"substantialContributionToPollutionPreventionAndControl": 62840.53,
					"substantialContributionToProtectionAndRestorationOfBiodiversityAndEcosystems": null,
					"nonAlignedOpex": 31766.66,
					"nonEligibleOpex": null,
					"enablingOpex": 91579.23,
					"transitionalOpex": 10891.18
				}
			}
		},
		"reportingPeriod": "2019"
	},
	{
		"companyInformation": {
			"companyName": "Upton Group",
			"headquarters": "Delano",
			"headquartersPostalCode": "18648",
			"sector": "initiatives",
			"identifiers": {
				"Lei": [],
				"Isin": [
					"4OdGJOcZSWGZ"
				],
				"PermId": [
					"LWzU33IR0i"
				],
				"Ticker": [
					"rNhi9Un"
				],
				"Duns": [],
				"VatNumber": [],
				"CompanyRegistrationNumber": []
			},
			"countryCode": "PY",
			"companyAlternativeNames": [
				"Lynch - Von"
			],
			"companyLegalForm": "Public Limited Company (PLC)",
			"website": "https://inferior-resident.info/",
			"isTeaserCompany": false
		},
		"t": {
			"general": {
				"general": {
					"reportingPeriod": "2024-03-12",
					"fiscalYearEnd": "2024-07-20",
					"euTaxonomyActivityLevelReporting": {
						"value": "No",
						"dataSource": {
							"fileName": "Certification",
							"fileReference": "50a36c418baffd520bb92d84664f06f9732a21f4e2e5ecee6d9136f16e7e0b63"
						}
					},
					"numberOfEmployees": 63657.33,
					"nfrdMandatory": "Yes"
				}
			},
			"revenue": {
				"revenue": {
					"totalRevenue": 87519.19,
					"eligibleRevenue": 40515.33,
					"alignedRevenue": 69799.49,
					"substantialContributionToClimateChangeMitigation": 30105.24,
					"substantialContributionToClimateChangeAdaptation": 7349.28,
					"substantialContributionToSustainableUseAndProtectionOfWaterAndMarineResources": null,
					"substantialContributionToTransitionToACircularEconomy": null,
					"substantialContributionToPollutionPreventionAndControl": 64905.49,
					"substantialContributionToProtectionAndRestorationOfBiodiversityAndEcosystems": 69724.92,
					"nonAlignedRevenue": 80739.62,
					"nonEligibleRevenue": 74443.07,
					"enablingRevenue": 7751.03,
					"transitionalRevenue": 8855.02
				}
			},
			"capex": {
				"capex": {
					"totalCapex": 56157.88,
					"eligibleCapex": 59654.54,
					"alignedCapex": 76789.61,
					"substantialContributionToClimateChangeMitigation": 90871.53,
					"substantialContributionToClimateChangeAdaptation": 69207.48,
					"substantialContributionToSustainableUseAndProtectionOfWaterAndMarineResources": null,
					"substantialContributionToTransitionToACircularEconomy": null,
					"substantialContributionToPollutionPreventionAndControl": 33685.37,
					"substantialContributionToProtectionAndRestorationOfBiodiversityAndEcosystems": 38384.1,
					"nonAlignedCapex": 15567.09,
					"nonEligibleCapex": null,
					"enablingCapex": null,
					"transitionalCapex": 20840.7
				}
			},
			"opex": {
				"opex": {
					"totalOpex": 51944.33,
					"eligibleOpex": null,
					"alignedOpex": 12467.4,
					"substantialContributionToClimateChangeMitigation": 33587.17,
					"substantialContributionToClimateChangeAdaptation": null,
					"substantialContributionToSustainableUseAndProtectionOfWaterAndMarineResources": 71947.81,
					"substantialContributionToTransitionToACircularEconomy": null,
					"substantialContributionToPollutionPreventionAndControl": 96661.49,
					"substantialContributionToProtectionAndRestorationOfBiodiversityAndEcosystems": 22461.9,
					"nonAlignedOpex": 73163.2,
					"nonEligibleOpex": 98692.65,
					"enablingOpex": 10068.08,
					"transitionalOpex": 27773.66
				}
			}
		},
		"reportingPeriod": "2021"
	},
	{
		"companyInformation": {
			"companyName": "Kunze - Ryan",
			"headquarters": "East Norene",
			"headquartersPostalCode": "30168",
			"sector": "systems",
			"identifiers": {
				"Lei": [],
				"Isin": [
					"sqsusdsCcO3M"
				],
				"PermId": [],
				"Ticker": [],
				"Duns": [
					"hPIDnz1wS"
				],
				"VatNumber": [
					"gdXoWGEuH"
				],
				"CompanyRegistrationNumber": []
			},
			"countryCode": "PG",
			"companyAlternativeNames": [
				"Goyette, Wisozk and Funk",
				"Hand - Paucek",
				"Schuppe, Crona and Borer"
			],
			"companyLegalForm": "Limited Liability Partnership (LLP)",
			"website": null,
			"isTeaserCompany": false
		},
		"t": {
			"general": {
				"general": {
					"reportingPeriod": "2024-06-01",
					"fiscalYearEnd": "2024-12-18",
					"euTaxonomyActivityLevelReporting": {
						"value": "Yes",
						"dataSource": {
							"fileName": "Certification",
							"fileReference": "50a36c418baffd520bb92d84664f06f9732a21f4e2e5ecee6d9136f16e7e0b63"
						}
					},
					"numberOfEmployees": 90707.46,
					"nfrdMandatory": null
				}
			},
			"revenue": {
				"revenue": {
					"totalRevenue": 22809.19,
					"eligibleRevenue": 42543.22,
					"alignedRevenue": null,
					"substantialContributionToClimateChangeMitigation": null,
					"substantialContributionToClimateChangeAdaptation": 26939.56,
					"substantialContributionToSustainableUseAndProtectionOfWaterAndMarineResources": 68998.71,
					"substantialContributionToTransitionToACircularEconomy": null,
					"substantialContributionToPollutionPreventionAndControl": 67360.8,
					"substantialContributionToProtectionAndRestorationOfBiodiversityAndEcosystems": 84297.02,
					"nonAlignedRevenue": 85685.41,
					"nonEligibleRevenue": 13004.89,
					"enablingRevenue": 60674.5,
					"transitionalRevenue": null
				}
			},
			"capex": {
				"capex": {
					"totalCapex": 48109.47,
					"eligibleCapex": 63162.56,
					"alignedCapex": null,
					"substantialContributionToClimateChangeMitigation": 51966.15,
					"substantialContributionToClimateChangeAdaptation": 69094.99,
					"substantialContributionToSustainableUseAndProtectionOfWaterAndMarineResources": null,
					"substantialContributionToTransitionToACircularEconomy": null,
					"substantialContributionToPollutionPreventionAndControl": 5980.53,
					"substantialContributionToProtectionAndRestorationOfBiodiversityAndEcosystems": 83167.15,
					"nonAlignedCapex": 22955.75,
					"nonEligibleCapex": null,
					"enablingCapex": null,
					"transitionalCapex": 55731.58
				}
			},
			"opex": {
				"opex": {
					"totalOpex": 80685.43,
					"eligibleOpex": 65936.2,
					"alignedOpex": null,
					"substantialContributionToClimateChangeMitigation": 50472.01,
					"substantialContributionToClimateChangeAdaptation": null,
					"substantialContributionToSustainableUseAndProtectionOfWaterAndMarineResources": 73717.05,
					"substantialContributionToTransitionToACircularEconomy": null,
					"substantialContributionToPollutionPreventionAndControl": 23080.07,
					"substantialContributionToProtectionAndRestorationOfBiodiversityAndEcosystems": null,
					"nonAlignedOpex": 19925.44,
					"nonEligibleOpex": 87758.14,
					"enablingOpex": 2889.61,
					"transitionalOpex": 18357.86
				}
			}
		},
		"reportingPeriod": "2021"
	},
	{
		"companyInformation": {
			"companyName": "Hyatt - Rempel",
			"headquarters": "Marquardtstead",
			"headquartersPostalCode": "33427",
			"sector": "convergence",
			"identifiers": {
				"Lei": [
					"70jIqBbbuJtH5v2ctu0s"
				],
				"Isin": [
					"xyLHE4tKlZid",
					"b7bcNKUS1yfw"
				],
				"PermId": [],
				"Ticker": [
					"xbCkSW0"
				],
				"Duns": [],
				"VatNumber": [],
				"CompanyRegistrationNumber": []
			},
			"countryCode": "BN",
			"companyAlternativeNames": [
				"Anderson Group",
				"Hayes, Brown and Osinski",
				"Schaden, Weissnat and Bartoletti"
			],
			"companyLegalForm": "Partnership without Limited Liability",
			"website": "https://neighboring-tomb.biz",
			"isTeaserCompany": false
		},
		"t": {
			"general": {
				"general": {
					"reportingPeriod": "2024-06-05",
					"fiscalYearEnd": "2024-05-06",
					"euTaxonomyActivityLevelReporting": {
						"value": "Yes",
						"dataSource": {
							"fileName": "Policy",
							"fileReference": "50a36c418baffd520bb92d84664f06f9732a21f4e2e5ecee6d9136f16e7e0b63"
						}
					},
					"numberOfEmployees": null,
					"nfrdMandatory": "No"
				}
			},
			"revenue": {
				"revenue": {
					"totalRevenue": 25657.31,
					"eligibleRevenue": 82153.84,
					"alignedRevenue": 50995.69,
					"substantialContributionToClimateChangeMitigation": 37540.3,
					"substantialContributionToClimateChangeAdaptation": 12791.36,
					"substantialContributionToSustainableUseAndProtectionOfWaterAndMarineResources": 38825.13,
					"substantialContributionToTransitionToACircularEconomy": 57892.01,
					"substantialContributionToPollutionPreventionAndControl": 37268.62,
					"substantialContributionToProtectionAndRestorationOfBiodiversityAndEcosystems": 11705.32,
					"nonAlignedRevenue": 69486.65,
					"nonEligibleRevenue": null,
					"enablingRevenue": 69396.4,
					"transitionalRevenue": 97857.19
				}
			},
			"capex": {
				"capex": {
					"totalCapex": 92491.14,
					"eligibleCapex": 576.99,
					"alignedCapex": 85222.43,
					"substantialContributionToClimateChangeMitigation": null,
					"substantialContributionToClimateChangeAdaptation": null,
					"substantialContributionToSustainableUseAndProtectionOfWaterAndMarineResources": 21349.3,
					"substantialContributionToTransitionToACircularEconomy": null,
					"substantialContributionToPollutionPreventionAndControl": 17686.41,
					"substantialContributionToProtectionAndRestorationOfBiodiversityAndEcosystems": 86223.7,
					"nonAlignedCapex": 62276.58,
					"nonEligibleCapex": 22718.9,
					"enablingCapex": 16580.34,
					"transitionalCapex": 12335.32
				}
			},
			"opex": {
				"opex": {
					"totalOpex": 49351.84,
					"eligibleOpex": 33440.35,
					"alignedOpex": 43212.57,
					"substantialContributionToClimateChangeMitigation": 29841.92,
					"substantialContributionToClimateChangeAdaptation": 44226.77,
					"substantialContributionToSustainableUseAndProtectionOfWaterAndMarineResources": 88113.5,
					"substantialContributionToTransitionToACircularEconomy": 46655.66,
					"substantialContributionToPollutionPreventionAndControl": 46656.01,
					"substantialContributionToProtectionAndRestorationOfBiodiversityAndEcosystems": 81395.81,
					"nonAlignedOpex": null,
					"nonEligibleOpex": 36933.89,
					"enablingOpex": 54692.67,
					"transitionalOpex": 50837.01
				}
			}
		},
		"reportingPeriod": "2023"
	},
	{
		"companyInformation": {
			"companyName": "Kovacek and Sons",
			"headquarters": "West Tanner",
			"headquartersPostalCode": "80833-3020",
			"sector": "supply-chains",
			"identifiers": {
				"Lei": [
					"MmyDa4QKeuxiYOFbNrHo"
				],
				"Isin": [
					"cCzmSXSJsQfq",
					"KMCAgpvq6yTw"
				],
				"PermId": [
					"fcwlzZ8FOn"
				],
				"Ticker": [],
				"Duns": [
					"HyFAYDOjZ"
				],
				"VatNumber": [
					"pRFwpQEK3"
				],
				"CompanyRegistrationNumber": []
			},
			"countryCode": "MF",
			"companyAlternativeNames": [
				"Osinski LLC",
				"Raynor Group",
				"Reilly LLC",
				"Reynolds, Mante and Kub"
			],
			"companyLegalForm": "AG",
			"website": "https://moral-sphynx.name/",
			"isTeaserCompany": false
		},
		"t": {
			"general": {
				"general": {
					"reportingPeriod": "2024-06-12",
					"fiscalYearEnd": "2024-08-17",
					"euTaxonomyActivityLevelReporting": {
						"value": "Yes",
						"dataSource": {
							"fileName": "Certification",
							"fileReference": "50a36c418baffd520bb92d84664f06f9732a21f4e2e5ecee6d9136f16e7e0b63"
						}
					},
					"numberOfEmployees": 9313.92,
					"nfrdMandatory": null
				}
			},
			"revenue": {
				"revenue": {
					"totalRevenue": 80115.94,
					"eligibleRevenue": 98765.47,
					"alignedRevenue": null,
					"substantialContributionToClimateChangeMitigation": null,
					"substantialContributionToClimateChangeAdaptation": 89641.94,
					"substantialContributionToSustainableUseAndProtectionOfWaterAndMarineResources": 65402.19,
					"substantialContributionToTransitionToACircularEconomy": 14157.15,
					"substantialContributionToPollutionPreventionAndControl": 22812.7,
					"substantialContributionToProtectionAndRestorationOfBiodiversityAndEcosystems": 57336.85,
					"nonAlignedRevenue": 59263.97,
					"nonEligibleRevenue": 62823.58,
					"enablingRevenue": null,
					"transitionalRevenue": null
				}
			},
			"capex": {
				"capex": {
					"totalCapex": null,
					"eligibleCapex": 7796.15,
					"alignedCapex": 18068.39,
					"substantialContributionToClimateChangeMitigation": 48867.39,
					"substantialContributionToClimateChangeAdaptation": null,
					"substantialContributionToSustainableUseAndProtectionOfWaterAndMarineResources": 65076.96,
					"substantialContributionToTransitionToACircularEconomy": 29449.9,
					"substantialContributionToPollutionPreventionAndControl": 66353.12,
					"substantialContributionToProtectionAndRestorationOfBiodiversityAndEcosystems": null,
					"nonAlignedCapex": 66200.91,
					"nonEligibleCapex": 44185.42,
					"enablingCapex": 88808.27,
					"transitionalCapex": null
				}
			},
			"opex": {
				"opex": {
					"totalOpex": 12526.16,
					"eligibleOpex": 40025.19,
					"alignedOpex": 70367.67,
					"substantialContributionToClimateChangeMitigation": 89111.43,
					"substantialContributionToClimateChangeAdaptation": 72072.32,
					"substantialContributionToSustainableUseAndProtectionOfWaterAndMarineResources": 71543.31,
					"substantialContributionToTransitionToACircularEconomy": 79272.06,
					"substantialContributionToPollutionPreventionAndControl": 29915.85,
					"substantialContributionToProtectionAndRestorationOfBiodiversityAndEcosystems": 64177.24,
					"nonAlignedOpex": 44261.04,
					"nonEligibleOpex": 64780.1,
					"enablingOpex": 39695.66,
					"transitionalOpex": 89468.09
				}
			}
		},
		"reportingPeriod": "2021"
	},
	{
		"companyInformation": {
			"companyName": "Harber Inc",
			"headquarters": "Hellerberg",
			"headquartersPostalCode": "98617-4840",
			"sector": "blockchains",
			"identifiers": {
				"Lei": [
					"ds4k9dGybntPO5u0TF68"
				],
				"Isin": [
					"TNPvCl4yE8kE"
				],
				"PermId": [
					"6aan7gVQVM"
				],
				"Ticker": [
					"FwxkeKx"
				],
				"Duns": [
					"e1zH5u6Y3"
				],
				"VatNumber": [
					"ZK10eBLaG"
				],
				"CompanyRegistrationNumber": []
			},
			"countryCode": "GP",
			"companyAlternativeNames": [
				"Cummings, Grady and Jacobi"
			],
			"companyLegalForm": null,
			"website": "https://impolite-trowel.info/",
			"isTeaserCompany": false
		},
		"t": {
			"general": {
				"general": {
					"reportingPeriod": "2024-06-15",
					"fiscalYearEnd": "2024-06-29",
					"euTaxonomyActivityLevelReporting": {
						"value": "Yes",
						"dataSource": {
							"fileName": "Certification",
							"fileReference": "50a36c418baffd520bb92d84664f06f9732a21f4e2e5ecee6d9136f16e7e0b63"
						}
					},
					"numberOfEmployees": 5178.53,
					"nfrdMandatory": "No"
				}
			},
			"revenue": {
				"revenue": {
					"totalRevenue": 25354.53,
					"eligibleRevenue": 23897.66,
					"alignedRevenue": 53959.12,
					"substantialContributionToClimateChangeMitigation": 31532.56,
					"substantialContributionToClimateChangeAdaptation": null,
					"substantialContributionToSustainableUseAndProtectionOfWaterAndMarineResources": 41607.53,
					"substantialContributionToTransitionToACircularEconomy": 82544.08,
					"substantialContributionToPollutionPreventionAndControl": 39967.48,
					"substantialContributionToProtectionAndRestorationOfBiodiversityAndEcosystems": 89569.6,
					"nonAlignedRevenue": 96993.35,
					"nonEligibleRevenue": null,
					"enablingRevenue": 27138.1,
					"transitionalRevenue": 30765.33
				}
			},
			"capex": {
				"capex": {
					"totalCapex": 98447.82,
					"eligibleCapex": null,
					"alignedCapex": 42064.1,
					"substantialContributionToClimateChangeMitigation": 97578.32,
					"substantialContributionToClimateChangeAdaptation": 87867.76,
					"substantialContributionToSustainableUseAndProtectionOfWaterAndMarineResources": 90803.74,
					"substantialContributionToTransitionToACircularEconomy": 73939.1,
					"substantialContributionToPollutionPreventionAndControl": 50761.87,
					"substantialContributionToProtectionAndRestorationOfBiodiversityAndEcosystems": 20036.99,
					"nonAlignedCapex": null,
					"nonEligibleCapex": 36587.22,
					"enablingCapex": 19031.23,
					"transitionalCapex": 15337.77
				}
			},
			"opex": {
				"opex": {
					"totalOpex": 4654.25,
					"eligibleOpex": 2703.03,
					"alignedOpex": null,
					"substantialContributionToClimateChangeMitigation": null,
					"substantialContributionToClimateChangeAdaptation": null,
					"substantialContributionToSustainableUseAndProtectionOfWaterAndMarineResources": null,
					"substantialContributionToTransitionToACircularEconomy": 35401.23,
					"substantialContributionToPollutionPreventionAndControl": 43653.42,
					"substantialContributionToProtectionAndRestorationOfBiodiversityAndEcosystems": 16477.06,
					"nonAlignedOpex": 38691.19,
					"nonEligibleOpex": null,
					"enablingOpex": 7272.12,
					"transitionalOpex": 92263.88
				}
			}
		},
		"reportingPeriod": "2021"
	},
	{
		"companyInformation": {
			"companyName": "Schmidt LLC",
			"headquarters": "Lake Greg",
			"headquartersPostalCode": null,
			"sector": "markets",
			"identifiers": {
				"Lei": [],
				"Isin": [
					"A6DJr4HeLOF7"
				],
				"PermId": [
					"mOxwxSgrui"
				],
				"Ticker": [
					"rtfsbX9"
				],
				"Duns": [
					"iYOtSTqj2"
				],
				"VatNumber": [
					"13uGesK1D"
				],
				"CompanyRegistrationNumber": []
			},
			"countryCode": "TO",
			"companyAlternativeNames": [
				"Donnelly Inc",
				"Sawayn - Koss",
				"Sawayn - Schinner"
			],
			"companyLegalForm": "GmbH & Co. KG",
			"website": null,
			"isTeaserCompany": false
		},
		"t": {
			"general": {
				"general": {
					"reportingPeriod": "2024-10-06",
					"fiscalYearEnd": "2024-02-06",
					"euTaxonomyActivityLevelReporting": {
						"value": "Yes",
						"dataSource": {
							"fileName": "Certification",
							"fileReference": "50a36c418baffd520bb92d84664f06f9732a21f4e2e5ecee6d9136f16e7e0b63"
						}
					},
					"numberOfEmployees": null,
					"nfrdMandatory": "Yes"
				}
			},
			"revenue": {
				"revenue": {
					"totalRevenue": 82330.6,
					"eligibleRevenue": 28364.27,
					"alignedRevenue": 69261.06,
					"substantialContributionToClimateChangeMitigation": 50419.51,
					"substantialContributionToClimateChangeAdaptation": 41739.76,
					"substantialContributionToSustainableUseAndProtectionOfWaterAndMarineResources": 43121.61,
					"substantialContributionToTransitionToACircularEconomy": 46944.73,
					"substantialContributionToPollutionPreventionAndControl": 47087.39,
					"substantialContributionToProtectionAndRestorationOfBiodiversityAndEcosystems": null,
					"nonAlignedRevenue": 77534.24,
					"nonEligibleRevenue": 70617.29,
					"enablingRevenue": 37394.64,
					"transitionalRevenue": 49244.16
				}
			},
			"capex": {
				"capex": {
					"totalCapex": 90542.26,
					"eligibleCapex": null,
					"alignedCapex": 19285.89,
					"substantialContributionToClimateChangeMitigation": 33400.55,
					"substantialContributionToClimateChangeAdaptation": 37230.46,
					"substantialContributionToSustainableUseAndProtectionOfWaterAndMarineResources": 50897.18,
					"substantialContributionToTransitionToACircularEconomy": 17834.2,
					"substantialContributionToPollutionPreventionAndControl": 98512.07,
					"substantialContributionToProtectionAndRestorationOfBiodiversityAndEcosystems": 37065.19,
					"nonAlignedCapex": 34910.61,
					"nonEligibleCapex": null,
					"enablingCapex": 44427.21,
					"transitionalCapex": 44906.65
				}
			},
			"opex": {
				"opex": {
					"totalOpex": null,
					"eligibleOpex": 24609.1,
					"alignedOpex": 99730.49,
					"substantialContributionToClimateChangeMitigation": null,
					"substantialContributionToClimateChangeAdaptation": 17403.02,
					"substantialContributionToSustainableUseAndProtectionOfWaterAndMarineResources": 44355.54,
					"substantialContributionToTransitionToACircularEconomy": 57248.72,
					"substantialContributionToPollutionPreventionAndControl": 58924.79,
					"substantialContributionToProtectionAndRestorationOfBiodiversityAndEcosystems": null,
					"nonAlignedOpex": 53461.63,
					"nonEligibleOpex": 81550.74,
					"enablingOpex": 13349.57,
					"transitionalOpex": 38925.85
				}
			}
		},
		"reportingPeriod": "2021"
	},
	{
		"companyInformation": {
			"companyName": "Hessel Inc",
			"headquarters": "Fort Ethyl",
			"headquartersPostalCode": "30354",
			"sector": "infrastructures",
			"identifiers": {
				"Lei": [
					"W0rzZAcg9W9DJQi2Vz4t"
				],
				"Isin": [
					"fobjNqMnPM9y"
				],
				"PermId": [],
				"Ticker": [
					"GcXzN7a"
				],
				"Duns": [
					"fyj9op1N1"
				],
				"VatNumber": [
					"rGbwkbKL6"
				],
				"CompanyRegistrationNumber": []
			},
			"countryCode": "TR",
			"companyAlternativeNames": [
				"Cassin - Braun",
				"Fay - Hegmann",
				"Reinger Inc"
			],
			"companyLegalForm": "AG",
			"website": "https://elliptical-insectarium.name/",
			"isTeaserCompany": false
		},
		"t": {
			"general": {
				"general": {
					"reportingPeriod": "2024-02-14",
					"fiscalYearEnd": "2024-08-25",
					"euTaxonomyActivityLevelReporting": {
						"value": "No",
						"dataSource": {
							"fileName": "Certification",
							"fileReference": "50a36c418baffd520bb92d84664f06f9732a21f4e2e5ecee6d9136f16e7e0b63"
						}
					},
					"numberOfEmployees": 88666.73,
					"nfrdMandatory": "Yes"
				}
			},
			"revenue": {
				"revenue": {
					"totalRevenue": 72315.8,
					"eligibleRevenue": 22421.49,
					"alignedRevenue": 11201.06,
					"substantialContributionToClimateChangeMitigation": 94457.93,
					"substantialContributionToClimateChangeAdaptation": 69794.13,
					"substantialContributionToSustainableUseAndProtectionOfWaterAndMarineResources": null,
					"substantialContributionToTransitionToACircularEconomy": 32799.29,
					"substantialContributionToPollutionPreventionAndControl": 127.26,
					"substantialContributionToProtectionAndRestorationOfBiodiversityAndEcosystems": 72132.64,
					"nonAlignedRevenue": 88038.89,
					"nonEligibleRevenue": 39516.15,
					"enablingRevenue": 95760.18,
					"transitionalRevenue": 78354.19
				}
			},
			"capex": {
				"capex": {
					"totalCapex": 5865.24,
					"eligibleCapex": null,
					"alignedCapex": 62994.87,
					"substantialContributionToClimateChangeMitigation": 27134.84,
					"substantialContributionToClimateChangeAdaptation": 62505.73,
					"substantialContributionToSustainableUseAndProtectionOfWaterAndMarineResources": null,
					"substantialContributionToTransitionToACircularEconomy": 2376.14,
					"substantialContributionToPollutionPreventionAndControl": 4452.03,
					"substantialContributionToProtectionAndRestorationOfBiodiversityAndEcosystems": 14513.35,
					"nonAlignedCapex": 16740.5,
					"nonEligibleCapex": 96747.95,
					"enablingCapex": 88298.45,
					"transitionalCapex": 90981.71
				}
			},
			"opex": {
				"opex": {
					"totalOpex": 54678.5,
					"eligibleOpex": 70875.21,
					"alignedOpex": null,
					"substantialContributionToClimateChangeMitigation": 4220.56,
					"substantialContributionToClimateChangeAdaptation": 38418.42,
					"substantialContributionToSustainableUseAndProtectionOfWaterAndMarineResources": null,
					"substantialContributionToTransitionToACircularEconomy": 53994.83,
					"substantialContributionToPollutionPreventionAndControl": 3810.26,
					"substantialContributionToProtectionAndRestorationOfBiodiversityAndEcosystems": 28087.63,
					"nonAlignedOpex": 8457.68,
					"nonEligibleOpex": 43805.11,
					"enablingOpex": 51555.56,
					"transitionalOpex": null
				}
			}
		},
		"reportingPeriod": "2021"
	}
]